2817 4742
242 273 289 346 18
705 270 868 340 GENESII

240 434 379 512 λύλεκεν,
428 438 506 525 πρὸς
529 433 652 515 τούτοις
677 444 728 506 καὶ
748 449 812 516 τοῖς
826 437 966 506 ἀδικοῦσι
983 438 1109 514 δικαίως
1124 436 1262 520 ἐπαχθὴς
1275 429 1322 519 ἦν,

161 556 192 616 V.
210 559 227 613 8
244 541 323 610 ὥστε
340 536 419 606 κατά
433 567 501 608 τινα
515 541 728 624 νενομισμίνοκ
745 543 851 627 καιρὸν
875 539 988 608 τούτου
1008 537 1140 618 ἐξιόντος
1157 546 1214 605 τοῦ
1230 545 1325 604 παλα-

238 631 325 727 τίου,
351 641 428 730 ἀνήρ
445 670 492 721 τις
508 643 632 732 προσῄει
646 645 731 732 αὐτῷ
754 646 891 731 ἐγκλησιν
910 641 1133 728 ἐνστησάμενος
1158 640 1200 716 ὥς
1219 639 1324 706 τούτου

240 747 277 813 τὸ
298 743 422 832 γύναιον
451 745 574 833 ἁρπαγῇ
599 745 801 832 συγκεκύρηκε
822 743 906 834 παρύ
928 772 1011 823 τινος
1031 753 1093 812 τῶν
1109 750 1322 830 συγκλητικῶν,

240 848 324 926 ὅστις
336 848 436 932 εἴληχε
452 849 608 933 τοσαύτης
624 851 808 935 ἐλευθερίας
817 846 858 926 ὡς
875 859 1037 933 κατασχεῖν
1058 847 1154 932 αύτην
1169 845 1268 922 ἀδεῶς
1279 849 1344 910 tuis

237 949 350 1038 χρόνον
363 948 478 1017 πολύν·
504 956 605 1035 “iperi
625 954 660 1019 tt
680 956 752 1038 περί
770 979 803 1038 γε
817 949 929 1019 τούτου
943 956 992 1018 καί
1014 957 1057 1040 τῷ
1071 947 1196 1040 ἐπάρχῳ
1213 953 1326 1032 διεγκα-

240 1056 403 1135 λέοακτος,
430 1054 520 1120 otico
539 1081 593 1138 μοι
611 1061 674 1122 τῶν
698 1055 774 1142 πρὸς
800 1056 951 1138 ἐκδίκησιν
974 1048 1174 1140 ἐαεράνατο.”
1226 1049 1327 1136 ὃγοῦν

239 1157 384 1241 βασιλεὺς
397 1153 515 1222 τούτων
528 1159 703 1234 ε’νωτισθείς
716 1183 774 1224 τινι
788 1164 852 1224 τῶν
861 1152 1061 1243 θεραπόντων
1073 1156 1165 1233 ὀξίως
1179 1153 1326 1239 προοίτα-

240 1265 290 1339 ξεν
303 1261 336 1324 ἐν
352 1265 391 1345 τῇ
414 1254 553 1347 ἐπακύάῳ
578 1259 633 1326 τὸν
656 1257 878 1345 ἐγκαλούμενον
892 1260 951 1325 σύν
974 1255 1041 1341 ἅμα
1057 1265 1101 1346 τῷ
1115 1256 1239 1344 ἐπάρχῳ
1253 1255 1326 1320 κατὰ

240 1359 407 1444 πρόσωπον
421 1357 518 1424 αίτοῦ
532 1358 808 1444 παραστήσασθαι.
860 1367 917 1428 τοῦ
930 1354 984 1426 oris
997 1357 1227 1445 αύτοκράτορος
1243 1360 1356 1435 lviiii-10

238 1459 401 1548 μήσαντος
417 1460 454 1527 τὸ
476 1462 619 1527 κελευθίν
641 1465 684 1536 εἰς
702 1467 813 1548 πρᾶξιν
836 1466 1020 1550 παρίστατο.
1071 1465 1188 1551 καὶτῷ
1210 1461 1266 1543 τὴν
1282 1460 1327 1544 ἐγ·

240 1572 347 1649 κλησιν
360 1562 554 1652 ποιησαμίνῳ
569 1560 698 1642 ἑτοίμως
714 1566 797 1658 φησί
807 1566 863 1631 “τί
879 1564 916 1630 τὸ
939 1563 1018 1630 κατὰ
1043 1566 1078 1632 οὲ
1093 1561 1326 1648 ὃραματούργη-

195 1675 225 1739 ΙΒ
240 1695 287 1750 μα
293 1668 327 1750 ,·”
352 1661 502 1747 sericinis
519 1674 588 1740 ταῖς
602 1665 711 1739 αὐταῖς
726 1666 868 1751 ἐκέχρητο
891 1663 1032 1752 ῥήσεσιν,
1059 1663 1076 1730 ὃ
1098 1668 1132 1730 ἀὲ
1150 1669 1328 1748 ἐγκληματι-

239 1767 364 1852 ζύμενυς
394 1764 581 1851 ἀνωμολύγει
611 1765 648 1833 τύ
680 1765 816 1852 ἔγκλημα
842 1765 892 1843 ,ὥς
912 1763 1206 1852 ἀναμφισβήτητον,
1244 1763 1325 1831 καὶὸ

238 1871 369 1954 ἐταστὴς
390 1876 429 1954 τῇ
448 1869 614 1934 καταθίσει
633 1867 853 1957 συνεμαρτύρει
861 1919 871 1949 ,
899 1871 925 1934 εέ
946 1871 997 1936 καί
1011 1867 1055 1952 μὴ
1068 1868 1125 1952 τὴν
1140 1865 1326 1947 ὖπεξίλευαιν
1334 1877 1356 1931 15

237 1974 317 2040 κατὰ
341 1978 398 2037 τοῦ
419 1972 603 2057 κατακρίτου
627 1974 785 2055 πεποίητο.
837 1971 947 2037 αύτίκα
970 1971 1024 2037 τὸν
1046 1972 1102 2052 μέν
1124 1970 1274 2054 δικαστὴν
1289 1968 1326 2044 ὦς

237 2074 426 2161 ἀφερέπονον
446 2081 502 2138 τοῦ
522 2075 642 2139 δικαίου
666 2075 805 2157 ιλιέστησε
830 2081 885 2159 τῆς
901 2073 1015 2159 ἀρχῆς,
1042 2073 1096 2140 τὸν
1111 2075 1146 2140 δέ
1158 2080 1197 2160 τῇ
1212 2076 1326 2162 μοιχείη

237 2173 394 2244 ἕαλωκύτιι
417 2177 495 2241 κατὰ
512 2173 628 2257 νόμους
647 2175 870 2260 ἐτιμωρήσατο.
921 2177 961 2243 τα
981 2177 1074 2242 πλιίω
1089 2177 1123 2242 δέ
1137 2183 1200 2243 τῶν
1215 2180 1325 2258 διοικη-

235 2276 343 2364 μύτων
356 2281 388 2342 ἓν
400 2284 445 2367 τῷ
459 2283 636 2367 Λαοοιακῷ
645 2283 841 2363 χρηματίζων
856 2275 993 2363 (irrisere,
1016 2275 1216 2366 ύιιογραφίιις
1232 2303 1325 2365 προο-

238 2372 423 2463 καλούμενος
437 2389 499 2445 τῶν
512 2381 657 2466 ἀρίστων,
682 2379 728 2459 οἷς
742 2382 865 2468 γραφὴν
877 2389 938 2447 τῶν
952 2378 1100 2448 ἐκύύσεων
1114 2382 1355 2467 ἐπετέτραπτο.λο
1379 2459 1380 2468 ¹

236 2479 447 2570 προσεποιεῖτύ
464 2508 495 2549 τι
508 2481 723 2568 στρατηλάτας
736 2489 786 2550 καί
800 2484 952 2570 ἀρχοντας
975 2491 1036 2550 τῶν
1061 2481 1247 2568 ἀξιολόγων,
1274 2483 1324 2547 ἀλ·
1379 2495 1380 2500 ’

236 2593 298 2664 λως
311 2612 343 2652 τι
359 2584 431 2661 τούς
444 2584 580 2670 ἀίωρέαν
594 2587 833 2672 ίξησκημένους,
862 2587 956 2662 αὐτὸς
974 2587 1031 2668 οὐχ
1046 2584 1148 2670 ἥττων
1158 2583 1324 2672 χρημάτων

304 2763 456 2890 &ruffum
470 2763 501 2816 1⁴·
553 2764 597 2821 12.
609 2761 872 2836 λουμμιικούργημα
889 2765 920 2820 [ι
972 2765 1013 2820 19.
1031 2761 1061 2821 ἐκ
1075 2780 1124 2821 om.
1141 2761 1173 2816 1..
1224 2765 1269 2820 22:
1283 2753 1324 2833 ἦι-

236 2992 321 3041 temen
339 2984 504 3055 provisorem·
515 2984 639 3041 emisisse.
674 2985 715 3040 Ad
732 2986 797 3040 heeo
819 2986 846 3041 in
871 2985 1015 3058 flagitiosos
1034 2985 1197 3040 severissime
1216 2986 1323 3040 enimsi·

236 3057 366 3109 vertebet.
401 3055 491 3123 ltoque
515 3073 571 3108 euro
597 3061 668 3109 certo
695 3058 804 3124 quodem
828 3064 943 3124 tempore
959 3057 1129 3124 egrederetur
1149 3057 1263 3124 poietin,
1288 3056 1323 3106 rit

237 3124 340 3192 quidem
359 3125 468 3176 occessit
485 3123 518 3175 ed
537 3141 594 3177 euro
619 3127 805 3179 eccusetionem
831 3127 966 3194 instituens
988 3127 1057 3193 quod
1073 3142 1120 3177 rue
1136 3141 1202 3176 uxor
1220 3129 1322 3191 anrepn

236 3192 330 3260 fuisset
347 3209 363 3244 e
382 3195 490 3259 quodum
508 3203 644 3255 senatore,
671 3193 743 3246 cuius
760 3199 832 3246 toute
849 3202 919 3246 esset
937 3193 1037 3246 licentis
1055 3203 1085 3245 ut
1103 3210 1194 3244 secure
1211 3195 1322 3244 detiuue-

237 3261 274 3313 rit
292 3279 346 3312 eern
364 3261 439 3326 longo
458 3257 585 3327 ternpore,
611 3263 690 3330 idque
716 3260 814 3314 fucinus
838 3261 916 3313 seed
935 3262 1005 3316 urbis
1024 3262 1181 3330 praesectum
1200 3261 1320 3320 detulisse,

236 3343 321 3398 neque
337 3338 419 3379 tomen
438 3328 480 3380 ius
495 3346 566 3381 ειιαιιι
584 3340 756 3384 consecuturo.
791 3330 840 3381 His
856 3331 952 3383 ruditis
970 3331 1108 3399 imperetur
1124 3329 1213 3381 stetini
1232 3329 1320 3378 cuidem

237 3414 270 3450 ex
288 3397 411 3450 mirristris
428 3399 480 3448 suis
500 3399 630 3450 meriuerit
652 3407 681 3450 ut
704 3401 729 3449 iu
753 3398 838 3449 reditu
856 3408 1028 3452 ecoirsetorein
1054 3416 1106 3449 une
1124 3414 1180 3449 eum
1199 3399 1321 3466 praesecto

238 3483 323 3518 eorem
347 3482 376 3517 se
398 3466 508 3517 sisteret.
546 3469 609 3520 Cum
635 3466 716 3534 igitur
738 3482 856 3518 reversus
876 3478 945 3524 esset
970 3469 1127 3536 imperator,
1156 3465 1250 3517 iussum
1273 3465 1320 3516 eius

238 3543 298 3586 eetu
321 3535 379 3602 ipso
404 3535 579 3588 exhibebatur.
613 3537 699 3603 Atque
731 3536 763 3586 ed
797 3546 968 3590 occurseterem
1001 3543 1118 3604 prompto
1150 3535 1233 3585 enisus
1263 3531 1321 3584 dicit

238 3606 384 3673 “queeueer
401 3611 442 3653 est
458 3603 524 3654 ectio
542 3603 585 3656 iiie
602 3622 674 3674 quom
692 3603 871 3655 instituistii’'
894 3604 941 3656 llis
958 3622 1019 3656 reru
1037 3603 1133 3672 iisdem,
1144 3602 1263 3655 utebetur
1279 3616 1321 3650 το·

239 3672 320 3725 eitius.
356 3674 436 3723 Porro
455 3686 514 3721 reus
531 3672 587 3739 ipse
604 3673 773 3727 confitebetur
790 3673 883 3725 crimen
901 3680 930 3723 ut
947 3671 1046 3725 nriuirue
1064 3669 1182 3733 dubium,
1201 3672 1319 3734 iudexque

238 3739 390 3792 deletionem
406 3739 440 3791 ed
458 3755 487 3790 se
506 3739 597 3791 t'ecten
615 3742 803 3804 attestabatur,
827 3741 941 3808 quemvis
959 3739 1133 3792 executionem
1152 3747 1241 3788 contre
1259 3751 1319 3786 reum

238 3825 287 3860 nou
306 3809 418 3860 fecisset.
452 3808 548 3859 Stetim
564 3825 626 3877 ergo
643 3809 751 3861 iudicem
769 3810 869 3874 quidem
888 3819 916 3860 ut
939 3811 1107 3877 negligentem
1132 3807 1158 3858 in
1175 3806 1232 3856 iure
1248 3803 1320 3855 admi·

238 3876 370 3929 nistrendo
388 3875 460 3930 exuit
479 3893 597 3928 munere:
619 3877 686 3930 illurn
704 3887 789 3930 eutem
816 3879 858 3946 (rui
878 3879 996 3929 adulterii
1015 3877 1145 3930 convictus
1163 3881 1220 3926 eret
1236 3889 1318 3924 secun·

240 3947 300 3998 (ium
318 3946 389 4013 ieges
407 3944 515 4012 punivit.
553 3944 678 4015 Plereque
695 3946 779 3997 eutem
804 3945 908 4014 negotio
933 3946 957 3997 in
975 3947 1097 3998 heusiuco
1121 3943 1161 3993 ius
1178 3942 1263 3994 dicens
1279 3941 1318 3989 de·

240 4015 353 4066 cidebut.
388 4014 560 4066 Ameuuenses
586 4015 661 4065 etium
679 4014 789 4066 adscivit
807 4015 1057 4083 praestantissimos,
1084 4010 1175 4080 quibus
1193 4011 1318 4077 consigne-

237 4082 331 4134 tiouem
355 4099 523 4151 expensorum
547 4083 733 4146 committebam
757 4083 835 4134 duces
860 4101 959 4152 quoque
978 4084 1082 4135 bellicos
1107 4097 1137 4130 ec
1154 4081 1316 4146 magistratus,

235 4152 355 4219 optimum
374 4168 507 4219 quemque,
523 4152 661 4218 praecipuo
676 4153 741 4204 teies
758 4153 803 4218 qui
821 4153 967 4204 muneribus
981 4151 1080 4202 niiuime
1097 4155 1316 4222 corrumperentur,

235 4218 292 4289 ipse
309 4222 386 4273 etiem
404 4220 498 4289 opibus
520 4220 715 4290 haudquaquam
731 4220 873 4274 subiectus.
907 4222 1054 4276 haereseos
1076 4216 1177 4272 interim
1201 4233 1262 4271 suee
1282 4227 1317 4264 ui·
