2817 4742
213 313 288 416 204
472 357 475 364 ,
603 312 927 382 snsossrsscn

105 828 201 959 333
221 858 252 928 Ῑ·
301 806 373 919 Ὁ
387 852 422 919 δὲ
441 852 558 942 Baptp
578 860 637 941 Τῆς
655 852 827 941 Ῥωμᾱῖἳῆς
848 855 1039 940 διητνχηκάς
1058 807 1230 944 εδμενείας,
1255 854 1305 920 έκ-

215 960 342 1045 κλησίας
363 957 484 1045 ἀγείρας
508 961 560 1025 καί
580 961 649 1046 περί
666 965 728 1025 τῶν
747 961 778 1024 έν
799 962 872 1025 ποσί
890 955 1182 1043 κοινολογησάμενος
1198 959 1232 1023 ix
1243 964 1304 1023 τῶν

212 1062 456 1150 έπιφανεστέρων
476 1062 551 1140 τοάς
574 1065 606 1139 ές
627 1062 769 1148 ἀνδρείαν
786 1062 843 1145 τὴν
861 1049 1019 1149 ἀπεροχὴν
1023 1063 1229 1147 κεκτημένους
1243 1086 1303 1143 χει-

212 1175 334 1254 ροτονεῖ
351 1163 560 1253 στρατηγοάς,
586 1163 670 1243 ὅπως
692 1171 732 1253 τῇ
754 1163 906 1254 ἀντιθέτῳ
927 1166 1056 1255 προνοίη
1074 1175 1140 1241 τοῖς
1155 1158 1303 1248 Χοσράου

210 1266 389 1355 πράγμασιν
408 1266 668 1357 ἀντιταλαντεάση
691 1292 758 1344 παις
779 1266 815 1334 τδ
837 1264 1046 1352 ἀπρόσκοπον.
1098 1270 1150 1335 καί
1171 1260 1228 1333 οάν
1250 1266 1323 1333 viss

209 1372 409 1458 Μιροδουρίν
425 1372 456 1446 ές
470 1370 506 1436 τὸ
521 1367 664 1437 Ἀνάθων
677 1368 827 1458 φροάριον
840 1368 877 1437 τά
891 1370 968 1455 τιρδς
981 1378 1026 1459 τῷ
1044 1371 1203 1459 Κιρκησίῳ
1219 1369 1303 1457 παρά

208 1474 263 1541 τάν
278 1469 448 1561 Εὐφράτην
465 1471 700 1565 ᾠκοδομημένον
715 1474 870 1552 ἐξέταττον
884 1472 964 1568 μετά
977 1470 1120 1556 πλήθους
1134 1469 1303 1556 δυνάμεως.

209 1577 389 1659 ἐξεπέμπετο
407 1577 442 1643 δέ
457 1579 507 1643 καί
529 1578 560 1655 ές
579 1577 636 1660 τὴν
650 1578 775 1659 Νίσιβιν
789 1573 846 1659 τη’ν
860 1602 894 1641 τε
907 1572 1065 1661 σάγχωρον
1079 1575 1229 1663 Ἀραβίαν
1250 1577 1304 1643 τάν

210 1676 437 1765 Ζαδεσπράτην
459 1678 513 1747 τὸν
534 1679 604 1765 ἀρττ
629 1705 689 1746 που
713 1675 984 1764 συστρατεάσαντα
1002 1684 1047 1768 τῷ
1063 1677 1236 1765 Φεροχάνῃ.
1285 1675 1302 1742 ὃ

174 1796 198 1849 Β
213 1784 269 1866 μέν
284 1776 339 1850 οάν
353 1780 581 1871 Ζαδεσπράτης
598 1782 655 1869 τὴν
672 1787 853 1866 Βαβυλῶνα
868 1779 1027 1847 ἀπολιπὼν
1046 1780 1189 1867 ἀγγέλους
1204 1784 1237 1857 ἐς
1249 1780 1302 1847 τάν
1310 1795 1339 1847 10

209 1884 371 1971 Σολχάνην
388 1886 553 1969 ἐξέπεμπε,
581 1882 849 1973 προαγορεύοντος
863 1884 962 1951 αάτοῦ
975 1883 1033 1968 τὴν
1044 1886 1075 1960 ές
1088 1887 1215 1966 Νίσιβιν
1229 1883 1302 1971 ἀφι-

210 1992 267 2065 ξιν.
319 1996 431 2071 μενοῦν
454 2016 486 2075 γε
507 1986 524 2056 ἀ
548 1986 726 2074 Σολχάνης,
754 1986 805 2062 ὅτε
820 2013 880 2052 που
894 1984 956 2054 riuti
967 1992 1029 2052 τῶν
1042 1986 1175 2073 ἀγγίλων
1191 1986 1228 2053 τά
1241 1992 1302 2053 τῶν
1397 1997 1398 2068 ξ

208 2087 492 2177 μεγαλουχημάτων
505 2089 674 2178 δπέρογκον
685 2097 742 2156 τοῦ
755 2085 980 2177 Ζαδεσπράτου
995 2088 1144 2174 διέγνωκε,
1160 2097 1200 2177 τῇ
1213 2087 1302 2157 ἀστε-

154 2232 157 2241 ·
210 2195 285 2283 ραίρι
308 2197 444 2270 καθίσας
465 2194 624 2280 συνέδριον
640 2196 672 2271 ές
685 2190 822 2279 ὑπήκοον
835 2200 897 2261 τῶν
918 2190 1173 2276 συνεληλυθότων
1189 2196 1301 2280 προσέ-

207 2320 300 2362 ταττε
323 2295 399 2373 τοάς
419 2295 582 2383 ἀγγέλους,
609 2294 627 2362 ὅ
651 2324 680 2362 τι
700 2295 739 2361 ἀν
761 2296 807 2383 είη
828 2293 973 2381 αάτοῒςῆ
997 2295 1136 2377 ἀξίωσις,
1160 2297 1259 2381 μηδέν
1273 2322 1300 2361 τι
1308 2306 1337 2361 15
1397 2313 1398 2350 1

207 2405 252 2488 τῷ
274 2398 334 2465 δίει
353 2400 560 2479 συσταλέντας
582 2402 773 2467 έκτίθεσθοι.
825 2400 855 2466 οἱ
873 2401 928 2483 μέν
951 2391 1299 2483 οάνέξυνιηρετοάμενοι

207 2508 253 2589 τῷ
268 2498 481 2586 προστάγματι
497 2499 664 2587 διεξῄεισαν
680 2502 757 2584 ἀπερ
773 2499 790 2567 δ
804 2501 974 2587 πεπομφὼς
986 2500 1100 2576 αάτοάς
1115 2496 1298 2586 διηγάρεοσε.

209 2608 311 2668 θολοῦ
334 2605 437 2668 τοίνυν
459 2602 615 2689 γεγονότος
629 2609 667 2690 τῇ
682 2604 825 2693 ἐκκλησίᾳ
838 2604 888 2667 καί
904 2598 1027 2667 πάντων
1038 2607 1083 2691 τῷ
1095 2602 1213 2686 Βαράμ
1233 2608 1297 2669 λοι-

169 2712 195 2766 c
211 2704 423 2793 δορουμένων,
455 2703 473 2772 ἀ
493 2702 652 2790 Σολχάνης
671 2707 792 2780 αίκίσας
809 2705 884 2782 τοδς
905 2704 1050 2791 ἀγγέλους
1067 2703 1223 2788 ἠτίμωσε,
1248 2707 1298 2772 καί

205 2812 330 2891 δεσμοῖς
345 2804 494 2896 ἀφάκτοις
506 2805 898 2895 τιοὶικατατολαιπωρῆσας
912 2810 944 2886 ές
958 2803 1108 2891 Χοσράην
1127 2808 1337 2891 &inermem

205 2908 223 2977 ὅ
237 2912 272 2977 δέ
286 2908 435 2996 Χοσράης
449 2912 503 2979 τάν
517 2914 573 2996 μέν
587 2909 747 2996 ξσλχάνην
763 2909 941 2996 έξελιπάρου
954 2921 1023 2987 ταῖς
1039 2908 1221 2994 ἀποσχέσεσι
1236 2938 1297 2976 πα-
1398 2903 1399 2946 ¹

203 3010 361 3099 perprimo
376 3007 409 3080 εὖ
424 3017 625 3082 διατίθεσθαι
638 3016 693 3093 τάς
706 3021 769 3082 τῶν
782 3012 1024 3100 ίντυγχανάντων
1041 3012 1212 3101 ροιτήσεις,
1239 3014 1296 3080 αδ-

202 3113 257 3191 τάς
275 3116 310 3181 δέ
328 3114 477 3205 Χοσράης
499 3118 614 3211 ἀπορίρι
630 3118 688 3204 τὴν
704 3118 810 3203 ψυχὴν
831 3115 1052 3201 κατεβάλλετο,
1080 3116 1136 3195 τάς
1149 3120 1295 3202 ἐπιστρο-

203 3332 230 3384 1.
263 3278 413 3386 Vorenus
441 3330 610 3388 Romanorum
638 3331 739 3401 gratiae
767 3330 1013 3402 benevolentiaeque
1039 3331 1166 3403 repulsum
1194 3346 1297 3413 pessus,

202 3400 301 3453 eunetis
326 3400 481 3469 prirnoribus
509 3402 746 3471 communionisque
767 3403 801 3455 do
817 3401 956 3471 'praesenti
980 3418 1063 3455 rerusn
1085 3407 1156 3452 stntu
1178 3401 1295 3466 consibo,

203 3470 282 3521 duces
300 3486 315 3521 e
332 3470 501 3524 nobilioribus
519 3471 595 3523 sirini
613 3472 767 3523 fortitudine
784 3472 939 3525 excellentes
955 3472 1033 3539 legit,
1056 3476 1168 3522 utente
1186 3476 1214 3521 et
1234 3485 1296 3537 pro-

201 3537 317 3591 videntis
338 3539 415 3590 rebus
436 3541 491 3592 snis
511 3539 620 3606 integris
642 3540 774 3594 Cbosroso
796 3545 952 3593 occurreret.
987 3539 1020 3593 sd
1052 3536 1185 3589 asteiiurn
1213 3536 1296 3611 igitur

202 3608 321 3660 Anstbsn
339 3624 420 3676 prope
437 3609 576 3661 Circesium
589 3610 662 3662 iuxtu
677 3611 835 3680 Eupbrntenr
847 3610 923 3663 situsn
935 3608 1115 3662 Minduriuesn
1126 3624 1183 3659 curn
1193 3606 1296 3675 agnino

202 3676 342 3746 expedito,
367 3674 561 3761 Zedesprntrn,
586 3680 630 3746 qui
648 3697 732 3747 nuper
748 3679 814 3732 edos
831 3679 1007 3732 Pberocbenis
1023 3676 1098 3747 signu
1113 3684 1219 3729 secutus
1236 3677 1296 3729 ine·

202 3753 261 3808 rut,
287 3744 399 3798 Nisibin
415 3754 442 3799 ot
457 3762 483 3797 sn
500 3746 620 3800 Arubium
637 3748 768 3801 finitimis
784 3748 873 3802 mittit.
906 3746 1080 3813 stssprstes
1100 3745 1190 3814 itaquo
1207 3745 1296 3814 Baby·

201 3812 272 3867 lonis
288 3811 314 3865 (ii
334 3830 418 3867 rossus
433 3814 554 3868 Solobsni
571 3833 650 3884 snper
666 3818 780 3870 sdveotu
797 3833 844 3870 suo
862 3815 974 3870 Nisibin
989 3814 1126 3883 signifiat.
1150 3814 1295 3867 Soiebsnss

200 3880 246 3933 ubi
270 3831 448 3954 Zeissprstss
469 3883 630 3938 insoiontinor
653 3891 680 3937 et
696 3885 851 3939 'isotsntirro
874 3882 1010 3952 eognovit,
1033 3883 1162 3953 postridie
1184 3881 1294 3935 ooneiiio

201 3961 357 4015 convocato,
374 3952 447 4005 utin
464 3970 599 4020 consessu,
616 3954 678 4022 qnid
696 3954 805 4023 petitum
821 3954 997 4015 advenissent,
1019 3952 1085 4006 ornni
1103 3952 1194 4005 tinore
1210 3951 1296 4019 depo·

200 4016 252 4069 sito
276 4021 473 4090 eloquerentur,
496 4022 592 4075 nuntiis
617 4022 737 4091 imperet.
771 4024 809 4077 ilii
832 4024 902 4075 dioto
926 4020 1060 4077 audientes
1076 4020 1198 4074 snundsts
1213 4036 1293 4088 expo-

199 4092 272 4137 nunt.
308 4091 428 4143 turbetur
452 4099 608 4157 conventus,
633 4092 811 4162 universisque
834 4092 970 4144 Varenum
992 4089 1135 4143 susionictis
1151 4089 1292 4141 inserenti·

198 4153 262 4236 διον,
281 4156 420 4235 §oretanos
436 4162 540 4216 nuntios
557 4162 634 4215 ioede
652 4161 767 4230 pulsatos
786 4169 814 4215 et
829 4158 974 4229 opprobriis
991 4160 1108 4221 effectos,
1125 4158 1232 4225 insuper
1248 4174 1291 4210 sr-

198 4230 304 4305 tsssnnns
320 4224 427 4279 vinculis
444 4231 536 4284 misere
552 4230 721 4296 constrictos,
739 4232 773 4283 ud
790 4231 924 4283 chosroen
941 4230 1037 4292 mittin
1053 4248 1070 4282 ο
1086 4245 1137 4295 quo
1155 4226 1234 4279 etissn
1250 4234 1291 4279 st·

199 4306 249 4360 quo
266 4298 343 4346 etssn
359 4302 486 4367 rogetur,
512 4298 696 4370 promissisque
713 4298 839 4364 silicibus,
861 4296 900 4352 uti
914 4296 948 4353 de
964 4296 1128 4353 internuntiis
1144 4296 1212 4350 bono
1228 4311 1291 4367 pro·
