2817 4742
427 286 718 357 fflsuomuuuu
741 289 783 357 V.
810 289 845 359 7.
871 290 905 360 8.
1137 290 1213 361 219

122 452 407 543 &retribuerentur
426 455 600 546 κυριιότατα
619 460 651 536 ἐς
663 445 996 546 Χυσρόηνὲξίπεμπιν.
1047 460 1079 527 nl
1087 460 1144 544 μδν
1157 454 1213 529 obs

122 562 208 649 ἀμφὶ
230 562 283 629 τόν
304 559 451 649 Χοσρόην
466 560 613 647 Ῥωμαῖοί
625 587 659 629 τε
683 563 734 627 καί
755 563 877 649 Πίρσαι
898 562 1210 652 ἓνἍλεξσνδριανοῖς,

123 664 209 731 οὕτω
230 665 404 754 καλουμένῳ
423 669 543 754 χωρίῳ,
576 660 878 751 τίσσαρσινῇμίραις
898 662 1057 750 totunm.
1107 666 1165 751 τὴν
1178 668 1214 735 δὲ

121 770 333 855 προσηγορίαν
353 765 369 833 ό
387 774 491 853 ’χῶρος
502 768 563 835 άιιδ
576 774 637 835 τῶν
650 764 790 853 πράξεων
805 774 862 834 τοῦ
876 766 1060 844 Μακεδόνος
1069 765 1212 846 Ἀλεξάν-

96 873 203 957 εδρου
220 867 501 956 κατεκληρώσατο·
514 867 531 937 ό
545 876 602 936 τοῦ
621 872 775 935 Φιλίππου
791 869 850 956 γάρ
867 871 959 936 ίκεΐσε
973 868 1129 956 γενόμενος
1143 868 1212 955 άμα

121 980 163 1059 τῇ
183 976 381 1060 Μακεδονικῇ
403 969 530 1057 δυνάμει
549 980 588 1061 τῇ
607 998 640 1039 τε
653 970 811 1058 Ἑλληνικῇ
826 974 984 1062 ξυμμαχίᾳ
1006 970 1212 1058 ίρυμνότατον

122 1072 342 1158 κατεσκάψατο
365 1073 531 1163 φροάριου,
558 1070 634 1152 τοός
651 1100 684 1141 τι
709 1078 741 1141 δν
761 1075 847 1164 αὐτῷ
860 1074 1042 1161 βαρβάρους
1058 1072 1206 1144 διάλεσιν.

122 1175 190 1265 (8)
217 1180 331 1245 ἐκεῖθεν
352 1179 456 1245 τοίνυν
475 1174 755 1265 μεταφοιτῇσαντες
776 1178 902 1274 δευτίρρι
914 1174 1013 1267 η’μίρρ
1023 1173 1169 1263 Ῥωμαῖοί
1179 1204 1210 1246 τε
1226 1159 1253 1281 2
1269 1228 1321 1286 m

122 1282 174 1344 καί
194 1281 317 1365 Πίρσαι
335 1279 564 1367 προσβάλλουσι
591 1285 714 1362 κλίματι
731 1280 881 1355 Χναιθάς
901 1280 1063 1369 λεγομένῳ.
1112 1288 1152 1367 τῇ
1175 1283 1210 1348 δέ

73 1379 270 1471 ιοόστιραίρ
289 1385 338 1448 ἐπὶ
357 1380 481 1469 πρώτην
500 1384 540 1449 ἕω
562 1381 704 1467 Ἰωάννης
725 1379 742 1448 ό
758 1378 918 1473 subripitur
937 1379 1102 1467 ταγμάτων
1120 1380 1212 1469 ἢγοά-

118 1509 213 1566 μενος
226 1487 432 1566 Κομεντίολον
446 1483 665 1572 ταγματάρχηυ
678 1487 849 1562 τοόδεξιοῦ
863 1483 992 1570 κίρατος
1004 1490 1060 1550 τοῦ
1074 1487 1212 1567 μαχίμου

118 1586 180 1650 σόν
198 1586 319 1654 ἱππεῦσι
342 1590 452 1671 χιλίοις
473 1584 787 1676 προκαταληψόμενοι
810 1586 954 1669 ἐξέπεμπε
981 1585 1040 1669 τὴν
1067 1585 1212 1668 διάβασιν

116 1694 177 1753 τοῦ
200 1694 293 1773 Ζαβᾶ
318 1696 470 1777 ποταμοῦ.
522 1686 633 1756 τόάτου
653 1690 691 1773 δὴ
707 1684 865 1774 γεγονότος
880 1688 975 1764 καλοί
989 1689 1038 1754 ε’πί
1055 1713 1210 1759 κατασκο-

116 1797 163 1877 πῇ
174 1788 234 1857 sini
251 1798 307 1859 τοῦ
322 1793 438 1877 Βαράμ
454 1792 674 1865 άτιοσταλίντες
685 1792 721 1855 τδ
746 1792 886 1873 πραχθὲν
903 1787 1076 1874 διαγνόντες
1093 1790 1210 1876 ἔπανῇ·

71 1896 175 1969 15κυν
187 1896 229 1967 είς
244 1894 298 1959 τδν
312 1890 443 1976 Βαράμ,
468 1898 568 1958 ταῦτα
588 1889 689 1974 δῇπου
704 1888 789 1980 αότιῇι
805 1890 1038 1977 διαγγίλλοντες.
1089 1891 1170 1979 άτάρ
1190 1891 1208 1961 ό

116 1994 236 2079 Βαράμ
255 1994 312 2079 τὴν
326 1995 396 2076 μετ’
419 1996 532 2078 ε’κιίνην
547 1994 685 2081 γίφυραν
697 2002 920 2079 προκατασχεΐν
936 1993 1081 2081 ἐνεχείρει.
1132 1992 1209 2063 δνιί-
1226 1998 1247 2053 Ρ
1264 2002 1316 2060 130

116 2121 213 2181 τρειγε
229 2098 263 2161 δὲ
286 2097 343 2173 τάς
366 2098 492 2173 ι’λπίδοις
509 2102 553 2185 τῷ
580 2094 693 2181 θάρσει
713 2092 756 2171 ὥς
777 2095 816 2179 δὴ
832 2102 889 2179 τῇς
901 2097 967 2181 περὶ
980 2097 1037 2183 τὴν
1048 2096 1209 2181 Ἀρμενίαν

112 2196 287 2283 Ῥωμαϊκῆς
305 2196 588 2291 στρατοπεδεάσεως
605 2199 656 2265 διά
677 2198 734 2281 τὴν
756 2200 930 2283 δυσχωρίαν
950 2205 1014 2266 τῶν
1033 2194 1136 2265 τόπων
1149 2200 1208 2286 οὐχ

117 2304 188 2377 οἵας
210 2326 243 2366 τε
265 2300 361 2384 οόσης
383 2298 595 2367 συνάπτεσθαι
613 2312 683 2377 ταῖς
701 2297 793 2392 ἑρόαις
805 2308 868 2367 τῶν
879 2297 1037 2385 Ῥωμαίων
1051 2298 1207 2386 δυνάμεσι.
1311 2307 1316 2328 “

70 2400 250 2488 σοτετάρτη
273 2404 308 2468 δὲ
327 2400 444 2490 ῇμίρα,
479 2418 530 2470 και·
551 2400 567 2469 ό
591 2408 722 2491 Ναρσῇς
743 2402 860 2490 ἄνδρας
875 2401 1012 2469 ἕλὼνίπί
1026 2404 1208 2494 κατασκοπῇ

116 2504 178 2571 inb
201 2512 257 2571 τοῦ
278 2507 393 2592 Βαράμ
412 2508 653 2595 δκπεμφθίντας,
680 2508 730 2572 καί
743 2502 885 2588 μάστιξιν
898 2494 943 2582 ὡς
955 2506 1026 2591 issia
1044 2504 1206 2590 άνετάσας,

116 2608 224 2694 ὁίίγυω
251 2605 334 2685 ὅπως
353 2608 411 2692 ἔχει
431 2609 467 2679 τό
491 2610 636 2693 πολέμιρν
657 2605 790 2693 γνώμης.
842 2609 894 2674 καί
918 2610 997 2693 δῆτα
1020 2607 1225 2695 ἀποχρῶσαν

115 2711 282 2797 παρίχεται
303 2708 434 2793 δάναμιν
450 2709 599 2803 Ῥουφίνρι
619 2718 664 2801 τῷ
684 2706 906 2800 συστρατῇγιμ,
943 2708 1008 2777 εἶτα
1023 2710 1207 2797 προστάττει

115 2814 176 2889 τάς
191 2810 296 2897 ἑτίρας
306 2811 526 2881 οἰκειώσασθαι
540 2811 707 2893 διαβάσεις.
758 2819 798 2899 τῇ
813 2814 848 2879 δὲ
866 2809 995 2899 δπιοόσῇ
1016 2814 1126 2890 νυιιτδς
1139 2817 1206 2879 ἔπι-

72 2915 281 3003 monnone
299 2912 406 3005 πράτῇ
425 2923 634 3007 παραγυλακῇ
654 2911 809 3004 άπάραςό
830 2916 1001 3005 στρατηγός
1015 2918 1127 3004 γίνεται
1143 2923 1207 2986 τῶν

116 3147 206 3232 pliciis
222 3147 395 3231 enusnsnpsit‚
411 3149 559 3218 potitusque
575 3146 649 3217 regis
665 3146 869 3231 exornsnnentis
884 3147 1111 3217 snsnpbsosioribus
1127 3166 1205 3219 prse-

116 3215 436 3353 uuluueu
452 3218 1204 3353 inurens”fun¹‘;„.¹:·..us⁰t:::un‘eles

115 3362 192 3418 runt,
216 3353 285 3421 quosl
308 3353 333 3406 ei
349 3353 454 3407 nominis
471 3354 609 3407 Alexandri
625 3351 776 3407 Macedonis
790 3351 902 3421 Philippi
924 3353 972 3405 filii
989 3355 1083 3407 lecton
1100 3353 1203 3422 indidit,

115 3423 162 3491 qui
186 3420 240 3473 illie
262 3437 316 3474 cuns
333 3422 506 3476 Macedonicis
530 3423 612 3493 copiis
635 3429 662 3475 et
684 3421 786 3475 auxiliis
808 3420 920 3474 Graecis
936 3422 1069 3475 castellum
1086 3422 1204 3475 firmissi-

115 3507 183 3544 muns
200 3491 297 3543 evertit
314 3498 341 3544 st
362 3490 459 3544 incolas
482 3491 606 3545 barbaros
627 3491 744 3561 peremit.
780 3490 837 3556 (8)
859 3489 919 3544 iude
934 3491 1087 3559 transgressi
1103 3492 1146 3544 (lia
1163 3490 1204 3542 sl-

115 3567 174 3613 tero
191 3558 217 3610 iu
236 3558 364 3627 regionem
381 3559 527 3612 Cbnaetbas
546 3569 715 3628 nuncupatam
732 3560 857 3613 feruutur.
890 3558 1015 3627 postridie
1031 3560 1079 3612 sub
1096 3560 1202 3629 primurn

116 3628 199 3681 luceru
217 3627 324 3681 loannes
337 3627 510 3682 Orientalium
526 3628 654 3697 legionum
672 3631 723 3681 dux
740 3626 1017 3681 Consentioluurdextri
1033 3645 1111 3680 cornu
1126 3643 1204 3697 prae·

115 3699 212 3750 lectis·
229 3712 284 3749 eunn
310 3698 378 3751 mille
401 3696 531 3765 equitibus
547 3698 579 3749 ad
602 3696 813 3767 anteoapiendunn
830 3697 919 3749 Zabas
935 3695 1046 3748 llunsinis
1069 3694 1204 3748 tramitum

114 3763 207 3819 mittit.
241 3763 309 3833 quod
326 3767 372 3818 ubi
386 3765 562 3836 speculatores
577 3766 717 3819 aVsrauno
736 3763 804 3819 nissi
821 3774 1026 3836 conspexerunt,
1043 3764 1128 3816 istunc
1139 3779 1205 3816 nun·

114 3836 180 3887 tium
204 3832 239 3885 sd
264 3848 319 3884 suso
342 3837 484 3902 perierunt.
526 3834 572 3904 qui
594 3834 637 3888 dle
658 3834 776 3905 sequenti
801 3843 903 3903 pontons
927 3833 996 3885 inira
1013 3848 1204 3902 praeoccupare

115 3899 259 3956 contendit.
292 3915 362 3970 spero
385 3902 423 3955 illi
435 3902 549 3958 audonis
564 3921 598 3958 ax
615 3922 646 3959 eo
663 3904 832 3973 suggerebat,
856 3903 924 3972 quod
942 3902 1112 3954 Romsuoruus
1128 3916 1206 3955 exer·

115 3972 185 4025 citus
208 3970 235 4022 iu
257 3967 377 4024 Armenia
399 3981 508 4041 propter
531 3970 629 4027 viarum
645 3972 822 4026 ‹lillieultstesn
845 3988 901 4023 euns
918 3968 1094 4022 Orientalibus
1111 3986 1205 4023 eorun-

115 4040 176 4091 dess
192 4036 276 4108 copiis
292 4054 349 4091 seso
367 4037 520 4107 coniungere
531 4042 641 4096 nondum
658 4031 777 4111 poterat'
802 4040 859 4092 luen
875 4047 968 4107 quares
983 4037 1085 4092 Nessea
1100 4038 1205 4092 Vsransi

116 4106 323 4174 speculatoribus
341 4106 423 4175 eaptis
431 4143 441 4174 ,
464 4116 491 4160 et
512 4110 602 4177 flagris
619 4128 670 4179 qus
696 4111 768 4163 licuit
784 4105 950 4168 examinatis,
974 4106 1035 4174 quid
1051 4108 1138 4161 hostes
1154 4124 1204 4162 une

115 4175 263 4227 ditarentur
287 4175 418 4245 cognouit.
451 4174 539 4243 itsque
560 4179 699 4233 sufficienti
723 4193 798 4232 usauu
821 4174 914 4228 Rufino
936 4174 1050 4245 eollegae
1072 4175 1205 4231 commissa

117 4240 245 4297 usnsitus
267 4243 382 4315 reliquos
403 4259 510 4300 servus
533 4244 612 4300 iubet.
646 4247 773 4317 postridie
797 4242 881 4313 priua
895 4241 986 4313 vigilis
1001 4245 1084 4301 noetis
1098 4260 1203 4303 uorans
