2817 4742
240 297 316 370 288
623 300 952 373 morarum

239 463 374 555 ἡγεμόνα
385 460 446 536 ἀπό
459 474 522 539 τάν
532 471 667 557 γυνοέιιν
678 478 864 542 πενθεῖσθαι
886 472 938 542 διό
958 474 1076 553 παντός
1087 472 1264 561 ξορομένοιν
1279 475 1336 559 μέν

239 571 300 651 τιλς
319 572 456 659 κεφαλὰς
473 576 525 641 καῖ
544 575 692 659 μάαιναν
716 578 983 665 περιβαλλομένων
1003 581 1140 661 ἐσθῆτα·
1173 581 1224 644 καῖ
1237 573 1336 661 νόμος

241 673 350 752 αύταῖς
363 676 519 761 μηδέποτε
537 678 593 746 τόν
611 676 714 767 τόφον
736 679 902 749 ἀπολιπεῖν.
957 677 975 765 ἦ
992 682 1026 748 δέ
1040 680 1190 766 Χοοβδάν
1207 677 1265 748 δύο
1279 707 1336 765 με-

240 772 346 864 γόλοις
363 780 532 864 διείληπται
552 793 721 867 ποταμοῖς,
756 784 790 849 αῖ
812 786 847 851 δέ
862 780 982 851 τούτων
996 784 1091 869 ὄχθαι
1104 796 1174 862 ταῖς
1185 787 1336 870 κυπαρέτ-

242 905 308 958 τοις
319 877 363 959 nic
374 881 448 961 ἔπος
465 886 556 952 εἰπεῖν
569 884 797 953 κατανεύονται.
832 887 995 975 έλέφαντες
1007 890 1042 955 δέ
1056 894 1101 979 τῷ
1117 887 1201 955 ἔθνει
1215 887 1357 958 notante

241 993 309 1062 τοῖς
330 985 365 1051 δέ
383 984 493 1065 Ἰνδοῖς
514 988 594 1056 κατὰ
616 989 674 1068 τὰς
696 989 860 1076 ἔμπορεέας
881 993 1176 1078 σνναναμέγνονται·
1203 986 1339 1067 τούτους

240 1082 300 1174 γόρ
321 1113 399 1175 φασι
423 1092 496 1169 τούς
510 1094 578 1178 περῖ
598 1093 637 1160 soi
652 1088 760 1181 βόρεια
773 1094 998 1179 τετραμμένους
1009 1094 1125 1173 Ἰνδούς
1146 1097 1198 1160 καῖ
1211 1092 1340 1170 λευκούς

242 1191 417 1278 πεφυκέναι.
470 1195 501 1261 οῖ
523 1197 558 1262 δὲ
579 1193 753 1281 σκώληκες,
780 1199 813 1275 ἔξ
827 1187 870 1264 ὧν
881 1197 921 1262 τά
935 1194 1074 1281 Σηραύων
1090 1196 1264 1283 καθέστηκε
1282 1192 1338 1280 ssi·

240 1318 350 1377 ματα,
378 1290 460 1361 πάνυ
483 1299 569 1383 παρά
592 1305 638 1389 τῷ
657 1298 789 1390 τοιούτῳ
803 1300 887 1366 ἔθνει
902 1302 1009 1366 πολλαῖ
1025 1300 1158 1379 Iontioi}
1172 1303 1224 1366 καῖ
1237 1300 1339 1367 ποικέ-

240 1402 299 1481 λην
320 1396 378 1482 τὴν
391 1399 503 1483 χροιάν
523 1401 716 1486 κεκτημένοι,
745 1402 803 1488 τήν
827 1428 860 1469 τε
879 1405 945 1489 περῖ
967 1403 1007 1469 τά
1021 1409 1150 1469 τοιαῦτα
1167 1405 1230 1484 ζῶα
1246 1409 1337 1489 φιλο·
1346 1420 1373 1473 10

241 1501 363 1583 τεχνέαν
385 1505 554 1588 φιλοτίμοις
575 1503 723 1572 ἀσκοῦσιν
745 1507 776 1573 οῖ
794 1504 961 1592 βάρβαροι.
1007 1505 1061 1571 ἔνο
1085 1507 1120 1571 δέ
1142 1506 1187 1591 μὴ
1206 1506 1267 1583 ἔξω
1283 1511 1340 1588 τῆς

241 1597 360 1686 νύσσης
376 1604 434 1689 τὴν
454 1607 594 1694 ῖστορέαν
615 1605 899 1696 παροόηγήάιιιμεν,
929 1606 1018 1694 μέχρι
1039 1604 1158 1675 τούτων
1186 1611 1255 1695 περὶ
1273 1614 1338 1673 τῶν

243 1710 379 1773 Σκυθῶν
402 1715 465 1776 τῶν
487 1710 565 1799 πρός
586 1718 626 1801 τῇ
646 1716 826 1802 Βακτριανῇ
846 1715 898 1778 καῖ
918 1715 1079 1802 Σογδιανῇ
1100 1712 1151 1778 καλ
1170 1717 1216 1803 τῷ
1229 1709 1338 1795 μέλανι

241 1834 323 1875 ποτα
375 1861 383 1879 .

134 1895 226 2022 „3
322 1836 405 1982 μέθ.
458 1910 582 2001 Δεκύτη
599 1917 634 1983 δέ
644 1914 744 2004 ἡμέρα
759 1918 852 2008 (πρὸς
863 1919 923 2005 γάρ
937 1918 977 1985 τά
992 1920 1059 2005 περῖ
1072 1917 1214 2004 Πρέσκον
1227 1922 1371 1985 πολιν-15

242 2011 469 2101 ύρομήσυμεν),
497 2020 547 2084 καῖ
562 2018 682 2104 ἀγγελοι
696 2024 739 2097 εἰς
754 2020 789 2085 τό
807 2028 863 2087 τοῦ
876 2029 1051 2108 στρατηγοῦ
1070 2017 1274 2106 σκηνοπήγιον
1291 2019 1338 2106 γέ-

239 2141 356 2188 νονται.
407 2116 530 2203 ἀκηκόει
541 2124 644 2187 τοίνυν
659 2119 676 2189 ό
689 2124 830 2207 Πρῖσκος
842 2124 881 2189 τύ
896 2125 981 2209 τεέχη
994 2129 1181 2206 καταβαλεῖν
1193 2130 1248 2206 τῆς
1262 2130 1338 2213 Σιγ-

239 2217 360 2306 γιόύνος
384 2219 439 2288 τόν
457 2220 641 2310 βάρβαρον,
675 2222 912 2313 καταναγκάζειν
934 2253 968 2294 τε
989 2228 1063 2305 τούς
1084 2227 1180 2305 λαούς
1201 2228 1241 2293 τά
1259 2226 1338 2292 οἴκοι

133 2328 158 2383 Ρ
176 2334 226 2390 178
243 2311 469 2404 καταλιπόντας
487 2330 531 2406 εἷς
555 2329 613 2415 τὴν
635 2330 784 2413 παλεμέαν
804 2330 863 2410 τάς
876 2330 1018 2408 ἀποικίας
1030 2328 1233 2414 ποιήσασθαι.
1288 2326 1337 2391 καῖ

240 2419 294 2492 onis
311 2424 480 2513 ὃΠρέσκος
492 2434 590 2516 μηθέν
606 2439 645 2517 τῇ
663 2433 802 2520 ἀναβολῇ
817 2434 963 2513 ἀναθείς,
992 2434 1047 2499 τόν
1069 2431 1210 2513 ποταμόν
1229 2442 1372 2498 voves-2]

238 2523 384 2610 λύμενος,
413 2533 456 2605 stc
478 2533 591 2617 Σιγγάν
609 2534 666 2614 τὴν
680 2542 783 2614 ,νῆσον
804 2532 1035 2617 ἓλλιμενέζιτιιι·
1070 2532 1151 2616 αὕτη
1172 2532 1206 2598 δέ
1232 2533 1282 2597 inl
1300 2528 1336 2596 τό

184 2655 187 2661 ·
240 2630 368 2720 ῥεῖθρον
387 2638 444 2698 τοῦ
458 2631 582 2719 Ἴστρου
605 2631 664 2718 ἔχει
688 2635 745 2719 τὴν
763 2637 904 2720 ἵδρυσιν,
926 2632 1098 2727 ἀπῴκισται
1113 2636 1148 2701 δέ
1161 2631 1339 2723 Σιγγιόόνος

238 2739 296 2818 τῆς
312 2730 429 2812 πόλεως
443 2747 556 2822 σημεῖα
570 2734 745 2826 τριάκοντα.
797 2737 815 2806 ό
830 2741 887 2823 μέν
905 2733 961 2807 osis
976 2742 1117 2826 Πρῖσκος
1129 2745 1168 2825 τῇ
1182 2736 1265 2829 κη’σιρ
1281 2738 1337 2812 τὰς

242 2833 388 2921 δυνάμεις
403 2836 594 2926 περιβαλύν,
620 2840 875 2927 ταχυναυτούσας
893 2840 1027 2921 innitar
1048 2839 1337 2929 παραστησόμενος,

241 2938 281 3018 ἀς
295 2937 459 3029 δρόμωνας
470 2946 580 3012 εέιοθεν
594 2942 751 3029 ἀνομόζειν
763 2947 799 3014 τό
815 2952 949 3032 πλῆθος,
976 2948 1026 3014 int
1039 2948 1078 3014 τὰ
1092 2947 1369 3017 Κωνσταντέολανᾱ

242 3045 451 3130 παραγίνεται.
501 3049 533 3113 έν
563 3045 687 3127 τούτοις
718 3053 798 3135 irino
824 3061 890 3129 τοῖς
916 3046 1032 3138 χιύροις
1057 3049 1262 3133 ἐντετυχηκὼς
1293 3053 1337 3136 τῷ

242 3315 312 3365 tunm
332 3326 428 3366 osores
444 3311 526 3383 ipsios
543 3314 611 3369 rasis
628 3315 759 3387 capitibus
776 3325 803 3371 et
818 3317 931 3388 pullatas
949 3316 1109 3370 continenter
1125 3315 1228 3383 lngrnts
1255 3329 1337 3384 nequo

241 3396 289 3451 par
308 3379 391 3448 legem
415 3380 471 3433 sius
495 3385 642 3453 sepulcrum
667 3387 789 3441 deserere
806 3404 918 3458 nnqnam
936 3392 1050 3457 possunt.
1085 3383 1212 3437 Chubdan
1230 3383 1284 3436 duo
1301 3385 1337 3437 la-

241 3447 332 3501 tissimi
349 3466 435 3502 amnes
457 3451 656 3518 disterminant,
681 3473 789 3525 quornm
817 3458 882 3525 ripis
908 3454 1037 3539 cupressi,
1063 3460 1093 3505 nt
1110 3452 1148 3505 its
1164 3453 1274 3521 loquar,
1293 3470 1338 3507 an·

240 3526 331 3571 nnont.
365 3518 457 3571 multos
474 3520 571 3574 instent
587 3523 755 3594 elephantos,
773 3532 873 3579 etcum
890 3526 960 3579 indis
977 3521 1153 3591 negotiantur.
1188 3523 1236 3575 hos
1254 3530 1336 3577 antem

239 3586 319 3641 Indos
336 3585 363 3639 in
381 3586 458 3657 plaga
476 3588 580 3641 lioresli
598 3592 746 3649 habitantes
764 3594 829 3648 albia
843 3595 993 3663 corporibus
1010 3608 1068 3645 esse
1085 3590 1249 3663 praedicant.
1269 3593 1337 3646 bon·

237 3657 348 3727 byonn,
365 3655 433 3709 unde
448 3656 492 3710 iila
510 3658 614 3723 Serico,
636 3678 729 3731 magna
746 3669 773 3717 et
790 3664 960 3718 diversicolor
977 3661 1044 3732 apud
1062 3677 1107 3715 eoa
1123 3660 1218 3731 oopio3
1234 3660 1263 3714 in
1282 3659 1337 3730 qni·

239 3725 289 3779 bns
311 3725 432 3778 curandis
457 3725 562 3780 barbari
585 3744 702 3796 magnum
729 3740 757 3785 et
773 3733 940 3787 artificiosum
964 3731 1074 3785 studium
1092 3739 1228 3801 proestare
1245 3730 1335 3781 solent

239 3810 329 3848 semro
346 3812 380 3848 na
402 3793 532 3849 historiam
555 3812 571 3849 a
593 3807 661 3852 meta
683 3801 817 3870 proposita
842 3804 1013 3865 abducamus,
1036 3801 1162 3853 haetenus
1179 3798 1214 3852 de
1230 3796 1336 3867 Scyllis

239 3862 275 3916 ad
294 3864 664 3935 Bactrianam‚·Sogdianam‚
683 3876 711 3920 et
729 3869 828 3937 nigrum
846 3871 949 3925 linriurn
968 3868 1077 3924 a'nobia
1095 3869 1191 3923 dictum
1210 3873 1278 3920 esto.

310 3937 353 3988 10.
387 3934 493 3989 Decimo
509 3935 553 3988 die
568 3936 639 4002 (nan
657 3938 690 3990 ad
710 3938 793 3991 Prisci
812 3957 853 3992 res
871 3939 1058 4009 regrediamur)
1075 3938 1158 3991 nuntii
1181 3937 1209 3988 in
1224 3934 1284 3987 ains
1300 3941 1336 3988 ta·

241 3998 406 4057 bmnaonlnaa
431 4004 592 4069 afferuntur,
615 4005 752 4059 barbarum
775 4008 925 4077 Singidonia
954 4026 1041 4063 muros
1063 4006 1188 4063 evertisse
1211 4018 1246 4087 ρο
1268 4004 1337 4057 oinos

241 4068 348 4124 desorto
371 4073 426 4126 lara
448 4074 476 4128 in
499 4074 610 4129 hostium
628 4075 758 4143 regionem
776 4079 921 4132 habitatum
938 4078 1098 4149 compellere.
1132 4074 1176 4125 ille
1192 4072 1260 4125 ΒΜ
1278 4090 1336 4126 0¹1ss-

241 4139 360 4193 nannum
377 4149 450 4196 rstua
469 4161 517 4227 ραι·
532 4143 637 4199 flovinrn
654 4144 761 4199 insolam
778 4147 805 4199 in
823 4166 855 4201 eo
874 4148 981 4218 positam
999 4155 1027 4199 et
1038 4165 1054 4200 a
1065 4141 1209 4211 singidona
1227 4141 1336 4212 triginta

241 4208 396 4262 milliaribus
420 4212 537 4267 dissitam
593 4216 635 4266 tit.
668 4212 705 4266 ibi
730 4216 813 4285 copiis
836 4217 961 4286 expositis
986 4214 1131 4275 colonibus,
1153 4226 1219 4282 quas
1244 4214 1338 4282 vulgos

243 4276 379 4331 &natones
400 4281 530 4349 appellat,
553 4231 755 4337 &montona
779 4285 919 4351 allabitnn
942 4300 994 4355 qno
1018 4283 1045 4336 ln
1069 4284 1125 4337 looo
1142 4279 1177 4335 ela
1193 4280 1338 4353 singidone
