2817 4742
292 374 330 418 lv
736 354 977 423 PRAEFATIO.

292 524 530 616 terpretatione
553 523 674 590 Latina
699 527 807 615 posita
834 537 920 612 erat:
954 525 1014 595 has
1041 526 1086 594 ad
1108 527 1183 593 loca
1210 552 1272 597 sua
1298 550 1376 597 revo-

293 644 375 716 cavi.
411 644 717 735 interpretationem
741 648 885 735 correxi,
912 645 972 714 sed
997 657 1033 714 ut
1058 646 1135 714 satis
1157 644 1318 719 haberem
1341 641 1389 727 rii

291 767 337 833 tia
361 765 517 859 graviora
541 764 669 832 tollere.

392 884 514 952 Libros
540 882 680 952 Genesii
707 908 783 954 curn
809 888 961 978 plerique
987 885 1045 972 qui
1068 886 1112 953 de
1135 906 1177 951 eo
1196 888 1302 954 locuti
1320 899 1389 957 sunt·

290 1008 437 1098 quinque
464 1025 535 1071 esse
561 1001 719 1092 dixerint,
755 1005 928 1073 sciendum
962 1008 1011 1071 est
1037 1028 1113 1073 eum
1141 1029 1219 1075 sane
1245 1010 1390 1097 quinquo1

289 1124 463 1217 βασιλείας
499 1130 740 1214 pertractasse,
786 1125 848 1193 sed
889 1148 909 1191 a
949 1122 1120 1195 Michaeie
1154 1126 1199 1194 ad
1229 1126 1378 1194 Basiliun

289 1270 324 1339 p.
349 1242 434 1331 113,
462 1241 510 1310 ll
547 1243 594 1311 ita
627 1244 828 1314 transiluisse
862 1253 900 1312 ut
936 1244 1021 1312 iilius
1055 1246 1180 1317 obitum
1216 1255 1252 1313 et
1284 1268 1377 1313 mores

289 1389 403 1460 prope
439 1364 626 1452 omitteret,
663 1390 731 1435 non
772 1366 892 1434 eadem
923 1366 1052 1433 ratione
1086 1392 1187 1457 quarn
1221 1369 1256 1435 in
1292 1368 1377 1433 tn'bu

288 1485 454 1580 prioribus
480 1492 514 1553 et
539 1484 670 1577 inipso
695 1484 822 1555 Basilio
849 1494 979 1555 secutus
1003 1498 1060 1554 est.

392 1604 570 1675 Caeterum
591 1604 726 1674 Genesii
748 1629 871 1679 nornen
895 1605 1005 1672 codici
1022 1607 1184 1699 Lipsiensi
1205 1610 1377 1702 praefrrun

238 1769 241 1774 -
290 1749 362 1795 esse
382 1724 539 1794 traditur:
563 1723 728 1815 iosephus
752 1724 917 1793 Genesius
938 1735 1050 1793 utrum
1070 1729 1112 1795 ab
1132 1728 1287 1797 Iohanne
1306 1730 1377 1817 Scy·

290 1847 367 1915 litza
395 1844 502 1912 dictus
535 1844 655 1928 fuerit,
691 1842 868 1927 dubitatur.
922 1843 1041 1913 sedin
1071 1850 1139 1917 fine
1172 1848 1302 1917 codicis
1331 1848 1377 1913 Li·

289 1966 429 2060 psiensis
459 1963 547 2032 haec
578 1953 701 2055 scripta
731 1952 860 2051 entant,¹
902 1986 989 2053 quae
1022 1990 1063 2036 ex
1096 1968 1239 2038 editione
1265 1942 1392 2037 venen?

291 2088 350 2179 (p.
373 2083 448 2178 62)
483 2084 646 2168 exhibeo,
685 2083 747 2151 nisi
775 2084 869 2173 quod
893 2064 1088 2190 'ibilegitur
1114 2094 1288 2175 Λοϊστος,
1322 2083 1378 2166 sed,

289 2215 327 2273 ut
351 2204 541 2275 Wunderus
564 2210 721 2289 testatur,
751 2226 820 2272 non
841 2213 941 2276 recte.

729 2352 769 2404 At
787 2352 844 2406 alia
860 2370 949 2406 mano.

468 2463 472 2470 ,
494 2417 656 2483 Aoirtoe’
635 2418 709 2489 ανὴρ
726 2418 838 2491 ἄριστος
854 2419 892 2483 ὥς
908 2418 962 2506 tyri
979 2420 1073 2487 κρίνω,

494 2493 637 2561 Prnpyiov
654 2510 684 2547 re
701 2493 773 2561 φημ1
790 2492 838 2546 καὶ
843 2486 974 2574 ‘Osopus
978 2507 1034 2551 nuc.

497 2562 562 2616 Τῶν
578 2562 786 2644 zooroyootgouv.
821 2560 871 2626 vic
888 2556 919 2611 di
935 2559 983 2625 τῆ
1003 2558 1099 2629 βίβλον
1116 2562 1206 2628 πάτερ

494 2628 620 2699 Ιωᾶννης
636 2648 681 2686 σοι
697 2628 803 2696 ταύτης
819 2628 868 2693 eu
870 2646 883 2681 ε
899 2626 1042 2693 δανμααων

360 2726 379 2737 ·
495 2704 521 2755 Ο
538 2703 593 2754 τῶν
610 2698 755 2767 προέδρων
771 2698 895 2764 πρῶτος,
912 2695 1006 2753 otte
1000 2696 1165 2767 α1θότης

492 2769 708 2835 Διοναισαρείας
724 2769 774 2834 τῆς
790 2765 959 2838 Λναζᾶρβης.
1018 2820 1021 2826 ,

616 2838 824 2892 ΟΑΤΜΠΙΟΣ
847 2839 872 2892 Ο
897 2837 1060 2893 ΟΛΤΜΟΣ

492 2908 573 2980 Λιμῷ
588 2903 819 3032 roeuvioppoeore
830 2903 936 2975 ὀρνέων
952 2906 1011 2989 ἔσῃ

495 2981 535 3039 0⁶
551 2961 685 3046 iterun
715 2995 817 3046 νααα
834 2976 887 3039 τὰς
902 2979 974 3046 nonu
975 2972 1064 3044 rivus

493 3047 596 3103 nott
566 3068 582 3101 α
583 3047 665 3137 indos
680 3046 756 3135 ἔσχες
770 3048 871 3113 πλῆρες
887 3042 1071 3132 κακοβουλίας

497 3117 558 3171 Tori
574 3118 703 3187 γραφέας
720 3115 773 3187 τήν
787 3118 882 3186 κλῆσιν
898 3112 1087 3197 ἐξαφανίσας.

390 3186 430 3237 At
446 3185 504 3239 aiio
519 3204 614 3252 ναααα,
655 3188 734 3240 entim
751 3192 823 3249 ante,
865 3184 945 3236 artior
958 3189 1022 3267 post
1034 3176 1157 3232 ultimam
1176 3177 1282 3230 tineam.

494 3255 558 3343 Ftpoi
576 3256 607 3312 δὲ
624 3252 807 3343 αναλήρωνα
816 3201 864 3307 vd
875 3247 1059 3336 ἐκκεκομμέναι

495 3322 590 3394 Γέρων
605 3323 732 3393 πενιχρος
751 3322 923 3392 &amotione
939 3317 1059 3391 Σαμααίν
1077 3316 1219 3386 (seriptum
1235 3315 1334 3385 σαμε).

286 3446 381 3516 idern
406 3446 596 3518 Wunderus
625 3449 707 3517 aiios
737 3448 838 3517 etiam
869 3468 984 3516 versus
1012 3443 1142 3514 additos
1171 3464 1241 3510 esse
1271 3437 1376 3515 refert

287 3566 348 3635 sed
372 3569 419 3636 ita
442 3569 583 3662 scriptos
609 3578 646 3640 ut
670 3568 801 3661 singula
823 3567 926 3636 verba
947 3566 1016 3660 legi
1039 3588 1106 3635 non
1129 3561 1266 3656 possint

734 3894 941 3911 “
