2817 4742
276 318 350 386 338
662 314 982 380 THEOPHYLAGTI

274 487 401 573 ῥεῖθρον
418 479 459 557 ὥς
472 478 544 559 ίπος
561 483 652 548 είπεΐν
666 483 702 549 cd
719 478 887 549 θαλάττιον
904 483 979 548 ποτὲ
995 487 1034 567 τῇ
1051 481 1151 570 χίρσηι
1175 480 1217 545 τὰ
1232 504 1361 566 νεοσφα-

272 596 312 673 γῆ
325 581 578 674 φιλοτιμούμενον
592 582 740 667 υοίματυ,
767 587 840 651 ποτὲ
849 581 1111 672 φιλυποστρύφοις
1125 586 1203 649 τισίν
1216 580 1360 665 ἀντωδύ-

273 716 349 774 μασι
364 690 440 772 πρὸς
456 687 513 769 τὴν
534 685 761 771 ύποδεξαμίνην
776 685 1040 773 ίναγκαλιζύμινον
1058 684 1232 752 θάλατταν.
1293 693 1359 749 θεα-

272 795 402 878 τρίζετυι
422 791 524 855 τοίνυν
538 801 602 866 τοίς
613 789 715 873 ύχλοις
729 791 767 855 τὰ
783 797 838 875 τῆς
852 797 1010 873 βασιλικῆς
1023 795 1203 875 συμφορᾶς,
1221 790 1324 851 εἰπεῖν
1335 787 1360 849 δι’

271 900 389 978 μᾶλλον
413 890 591 975 οἰκειότερον
603 942 614 973 ,
649 893 688 957 cd
714 896 781 977 napi
795 893 849 975 τὴν
866 892 1042 976 οίκουμίνην
1056 887 1288 973 συμπτώματα.
1337 890 1374 957 δίο

269 1022 302 1062 τε
322 1002 377 1079 τῆς
403 994 604 1078 Χαλκηδόνος
626 998 757 1077 αἰγιαλοὶ
780 995 966 1079 ἐπληροῦντο
992 1001 1055 1060 τῶν
1078 994 1194 1077 ὄχλων,
1231 995 1290 1055 καί
1313 998 1358 1073 τῆς

270 1097 387 1164 ἑαυτῶν
405 1096 510 1172 ἀνοίας
524 1096 579 1180 τὴν
597 1097 736 1182 ἱστορίαν
752 1093 943 1178 ε’λιίμβανον,
971 1098 1099 1172 πίνακας
1117 1090 1358 1177 δυστυχημάτων

269 1201 354 1276 τινὰς
375 1199 414 1265 τὰ
435 1207 491 1283 τῆς
513 1195 672 1280 θαλάττης
691 1199 873 1278 ἀτενίζοντες
894 1195 1031 1280 κύματα,
1050 1198 1151 1284 γυμνὰ
1166 1198 1205 1263 τὰ
1220 1204 1290 1261 τῶν
1303 1204 1356 1277 βα-

228 1315 251 1366 Β
268 1302 375 1370 οιλίων
389 1296 521 1381 σώματα
534 1303 746 1384 θεατρίζοντα.
793 1297 910 1366 τούτων
925 1304 1003 1383 δῆτα
1016 1298 1074 1366 dud
1092 1308 1146 1365 τοῦ
1160 1299 1356 1385 συγγραηίως

268 1404 426 1495 ηλδομίνων
445 1404 493 1466 ίπί
515 1408 571 1469 τοῦ
593 1400 736 1484 βήματος
755 1408 811 1484 τῆς
832 1406 1014 1487 τυραννίδος
1036 1400 1169 1487 ληξάσης
1187 1408 1353 1485 πληροῦται
1361 1417 1383 1467 tn

267 1504 410 1591 δακρύων
424 1500 440 1569 d
457 1501 620 1586 ξύλλογος,
647 1506 811 1587 μονονουχὶ
826 1505 875 1567 ἐπ’
892 1503 982 1586 ὄψεσι
998 1502 1120 1570 πύντων
1138 1502 1212 1569 εἶναι
1228 1500 1353 1569 δοκούν-

265 1634 327 1674 των
349 1613 411 1673 cuir
432 1612 598 1686 βασιλικῶν
622 1614 802 1691 συμφορῶν.
855 1603 906 1670 διύ
929 1633 975 1672 τοι
996 1613 1088 1672 τοῦτο
1111 1604 1198 1690 ὁτῆς
1218 1606 1353 1691 ἱστορίας

161 1727 185 1780 V
202 1725 254 1778 986
271 1705 391 1793 πατήρ,
414 1709 449 1773 τύ
464 1705 667 1793 ἀκροατήριον
684 1705 875 1791 θεασάμενος
895 1706 977 1775 ἅπαν
993 1707 1052 1774 aiud
1070 1716 1132 1774 τῶν
1146 1706 1291 1793 δακρύων
1305 1733 1351 1770 πε-

266 1807 461 1897 ριρρεόμενον
478 1810 530 1873 διδ
549 1818 612 1875 τῶν
637 1809 781 1896 θρήνων,
811 1811 940 1894 ε’χκοπην
961 1821 1026 1886 τοῖς
1045 1806 1244 1895 ύφηχήμασιν
1259 1812 1350 1890 ε’μβα-

264 1916 326 1979 inin
341 1913 549 1995 αὐτοσχεδίοις
562 1916 641 1979 τισίν
662 1913 828 1998 ὀδυρμοῖς,
851 1907 923 1977 τάδε
938 1924 1002 1988 τοῖς
1014 1909 1236 1996 συνεληλυθόσι
1260 1910 1378 1996 napi-16

262 2024 347 2082 dero.
1198 2012 1200 2015 ’

221 2138 245 2190 c
366 2114 507 2199 Θίατρον
522 2116 572 2177 καί
594 2120 683 2197 βῆμα
705 2116 756 2179 καί
777 2117 933 2200 παρρησία
956 2115 1169 2197 συμπινθείτω
1189 2139 1243 2196 μοι
1256 2111 1346 2197 σήμε-

259 2246 323 2302 ρον.
377 2217 600 2301 πανηγυριζίτω
622 2217 657 2282 dd
678 2219 834 2305 τραγῳδία
855 2220 905 2282 καλ
926 2215 1070 2301 δάκρυον.
1121 2216 1296 2292 ίξαλλίσθοι
1316 2216 1347 2279 di

259 2316 501 2406 κατορχούμενος
515 2325 650 2403 θρῆνος,
675 2317 861 2402 τηλικαύτης
875 2323 1041 2404 κατηφείας
1063 2317 1154 2405 ἑορτῇ
1176 2314 1345 2403 θρησκευό-

257 2448 347 2506 μενος
377 2424 428 2487 καί
451 2418 630 2503 τιμιύμενος.
681 2418 957 2506 ύποκειρύσίίωσαν
987 2422 1016 2486 ni
1040 2418 1123 2505 λύγοι
1145 2420 1199 2485 τὸν
1226 2419 1377 2507 κρύτονβί)

256 2527 313 2610 τὴν
335 2524 487 2610 εύφημίαν
509 2524 542 2588 ni
566 2530 700 2605 pruriunt,
732 2524 768 2589 τδ
793 2524 898 2589 λευκὸν
918 2524 1047 2607 Ἀθῆναι
1067 2519 1238 2607 τριβώνιον.
1284 2548 1343 2605 χη-

257 2623 380 2710 ρεύουσι
395 2626 454 2711 γὰρ
470 2624 578 2712 ἀρεταί
582 2674 593 2705 ,
620 2624 737 2690 καὶτὸν
753 2622 871 2692 ἑαυτῶν
886 2625 1088 2710 ιλναζητοῦσιν
1104 2622 1244 2709 ἡνίοχον,
1269 2625 1343 2707 ῥαγ-

256 2731 345 2795 δαίου
367 2726 490 2813 ηιθύνου
512 2727 594 2804 τινδς
616 2728 671 2793 τύν
700 2728 815 2805 ίκείνυυ
840 2725 1064 2816 διαρρήξαντυς
1079 2727 1184 2805 ίίξονα.
1237 2726 1342 2811 ἄνδρες

323 2892 364 2944 17.
389 2889 504 2942 Titulum
524 2889 623 2942 addunt
643 2889 692 2942 ll’t
724 2890 864 2959 Μονῳδίικ
884 2892 936 2946 τοῦ
957 2889 1135 2963 συγγραφέως
1160 2886 1207 2945 ἐπί
1231 2893 1286 2950 τοῖς
1301 2888 1340 2958 τῷ

323 2960 473 3032 Μαυρικίφ
490 2956 729 3029 ουχκεκυρηκύσιν.
790 3010 792 3015 ,

252 3094 364 3165 appelli,
389 3110 456 3146 nunc
475 3092 607 3159 reciproco
630 3092 711 3145 linctu
729 3094 875 3165 complura,
900 3111 999 3147 rursum
1016 3095 1042 3147 in
1059 3113 1128 3149 maro
1145 3094 1236 3163 abripi.
1269 3108 1337 3145 cama

252 3165 334 3236 igitur
357 3161 511 3216 calamitatis
534 3162 714 3229 imperatoriae
730 3180 791 3227 aen,
817 3172 846 3215 ut
863 3164 948 3215 verina
967 3162 1065 3225 dicam,
1088 3164 1168 3217 totius
1187 3162 1270 3225 orbis,
1290 3178 1334 3211 ceu

250 3234 279 3285 iu
308 3233 410 3284 theatro
440 3232 576 3298 spectandi
605 3240 782 3297 argumentum
814 3232 908 3301 populo
938 3234 1117 3302 praebuerunt.
1153 3233 1335 3301 complebantur

251 3299 422 3353 chalcedonia
439 3298 527 3351 littora
543 3298 713 3367 spectantium
731 3300 828 3364 turbio,
849 3301 1092 3369 cognoscebantque
1109 3299 1144 3352 ibi
1162 3301 1224 3371 quid
1240 3296 1335 3351 allecia·

250 3376 292 3422 τοι
309 3366 442 3438 popularia
459 3367 585 3431 amentia,
601 3367 696 3420 liuntur
714 3371 823 3421 marinna
841 3372 910 3421 rruda
926 3369 1106 3437 imperatorum
1127 3386 1238 3439 corpora
1255 3374 1333 3419 osten-

251 3445 351 3499 tamen,
374 3443 495 3504 unquam
512 3436 614 3488 tabulae
632 3437 755 3506 quaedam
775 3438 968 3489 infortuniorum
986 3436 1208 3506 miseriarumque,
1230 3443 1332 3489 eonten-

250 3505 359 3573 planter.
377 3520 432 3554 cum
448 3503 499 3555 iata
516 3503 652 3556 historicus
668 3505 702 3557 de
719 3507 775 3558 loco
792 3506 925 3575 superiore
940 3507 1042 3558 anblato
1059 3506 1108 3558 iam
1126 3515 1237 3573 tyranno
1254 3505 1331 3555 l'lroca

250 3572 401 3635 recitaatet,
421 3570 509 3624 concio
527 3588 556 3623 ae
572 3571 598 3622 in
615 3574 732 3626 lacrimae
749 3575 858 3640 alludit,
876 3574 949 3643 quasi
968 3575 1048 3626 oculis
1065 3576 1129 3644 ipsis
1147 3583 1244 3626 tantam
1261 3574 1330 3639 irnpe-

249 3649 362 3694 ratorum
379 3638 550 3692 columitatem
566 3640 711 3707 aspiceret.»
735 3643 858 3713 quocirca
875 3660 929 3695 cnm
948 3650 1029 3695 totum
1046 3650 1197 3696 conventum
1215 3643 1241 3694 in
1261 3642 1328 3693 fletur

249 3717 277 3762 et
293 3709 402 3761 lamenta
419 3708 528 3760 solutum
546 3718 677 3772 cerneret,
700 3709 822 3765 intercisa
838 3710 998 3775 narratione,
1015 3720 1213 3781 extemporanea
1229 3711 1326 3782 quadam

251 3775 430 3831 lamentatione
447 3777 512 3829 haec
528 3775 561 3829 ad
579 3776 711 3830 auditore·
728 3779 833 3848 insuper
849 3786 890 3831 eat
907 3780 1063 3847 prolocutus.

287 3878 437 3941 Μυποιίίσ
457 3881 618 3961 aoriptnrio
638 3900 732 3961 anper
752 3882 801 3941 ίιίι
822 3902 903 3962 pune
923 3883 1079 3945 Mauricio
1101 3886 1298 3965 contigerunt.
1329 3944 1333 3949 ,

317 3978 475 4041 Theatrum,
490 3986 631 4048 suggestus
649 3986 675 4030 et
692 3979 796 4033 licentia
815 3981 891 4033 lrodie
908 3999 1003 4034 meeum
1020 3981 1132 4048 lugeant.
1156 3980 1286 4048 tragoedia
1299 3979 1322 4026 el

247 4046 368 4100 lacrimae
384 4046 450 4100 diem
467 4048 559 4099 leuton
577 4056 664 4117 agant.
700 4048 833 4103 lamentum
850 4056 938 4101 tantae
956 4049 1140 4103 moestitudinis
1157 4051 1225 4102 testo
1241 4048 1321 4101 cultum

248 4121 276 4169 et
301 4116 452 4168 honoratum
479 4116 568 4168 exiliat
594 4134 625 4169 ac
651 4116 782 4185 tripudiet.
817 4118 958 4187 applnuano
988 4120 1183 4191 praecidantur.
1217 4116 1321 4169 desinant

248 4182 399 4253 praedicare
416 4183 514 4236 Mutae.
547 4185 631 4237 album
649 4185 752 4254 pallium
768 4188 898 4257 deponant
915 4186 1036 4241 Athenae.
1072 4187 1169 4240 viduae
1192 4202 1222 4239 ac
1243 4185 1320 4237 dener-

247 4259 294 4306 tao
312 4258 373 4306 runt
386 4250 522 4317 uirtutes,
544 4269 668 4324 auumque
689 4254 803 4325 aurigam
826 4254 981 4324 requirunt,
1003 4256 1076 4311 cuiun
1101 4272 1203 4309 currum
1225 4253 1320 4323 inpetus

280 4544 284 4548 ‚
361 4425 374 4503 l
