<?xml version="1.0" encoding="UTF-8"?>
<!DOCTYPE html PUBLIC "-//W3C//DTD XHTML 1.0 Transitional//EN"
    "http://www.w3.org/TR/xhtml1/DTD/xhtml1-transitional.dtd">
<html xmlns="http://www.w3.org/1999/xhtml" xml:lang="en" lang="en">
 <head>
  <title>
</title>
<meta http-equiv="Content-Type" content="text/html;charset=utf-8" />
  <meta name='ocr-system' content='tesseract 3.04.00' />
  <meta name='ocr-capabilities' content='ocr_page ocr_carea ocr_par ocr_line ocrx_word'/>
</head>
<body>
  <div class='ocr_page' id='page_1' title='image "./corpusscriptoru51theogoog/corpusscriptoru51theogoog_0073.png"; bbox 0 0 2817 4742; ppageno 0'>
   <div class='ocr_carea' id='block_1_1' title="bbox 401 350 1196 427">
    <p class='ocr_par' dir='ltr' id='par_1_1' title="bbox 401 350 1196 427">
     <span class='ocr_line' id='line_1_1' title="bbox 401 350 1196 427; baseline 0.001 -5"><span class='ocrx_word' id='word_1_1' title='bbox 401 353 694 424; x_wconf 77' lang='lat' dir='ltr'>HISTOBIARUM</span> <span class='ocrx_word' id='word_1_2' title='bbox 717 355 746 422; x_wconf 82' lang='lat'><strong><em>1.</em></strong></span> <span class='ocrx_word' id='word_1_3' title='bbox 769 352 805 425; x_wconf 83' lang='lat'><strong><em>9.</em></strong></span> <span class='ocrx_word' id='word_1_4' title='bbox 835 353 893 427; x_wconf 89' lang='grc'><strong><em>10.</em></strong></span> <span class='ocrx_word' id='word_1_5' title='bbox 939 359 947 372; x_wconf 92' lang='grc'><strong>’</strong></span> <span class='ocrx_word' id='word_1_6' title='bbox 1147 350 1196 423; x_wconf 82' lang='lat'><strong><em>⁵1</em></strong></span> 
     </span>
    </p>
   </div>
   <div class='ocr_carea' id='block_1_2' title="bbox 45 519 1238 3079">
    <p class='ocr_par' dir='ltr' id='par_1_2' title="bbox 45 519 1238 3079">
     <span class='ocr_line' id='line_1_2' title="bbox 99 519 1199 614; baseline -0.004 -20"><span class='ocrx_word' id='word_1_7' title='bbox 99 549 210 602; x_wconf 85' lang='grc' dir='ltr'><strong><em>ναντες</em></strong></span> <span class='ocrx_word' id='word_1_8' title='bbox 224 529 288 592; x_wconf 79' lang='grc' dir='ltr'><strong><em>τῶν</em></strong></span> <span class='ocrx_word' id='word_1_9' title='bbox 304 519 515 610; x_wconf 72' lang='grc' dir='ltr'><strong><em>ὀχυρωμάτων</em></strong></span> <span class='ocrx_word' id='word_1_10' title='bbox 535 530 734 614; x_wconf 70' lang='grc' dir='ltr'><strong><em>καταφυγῆς,</em></strong></span> <span class='ocrx_word' id='word_1_11' title='bbox 760 522 927 614; x_wconf 76' lang='grc' dir='ltr'><strong><em>ὐρρινικολς</em></strong></span> <span class='ocrx_word' id='word_1_12' title='bbox 941 523 1129 591; x_wconf 88' lang='grc' dir='ltr'><strong><em>ἐπιτίθενται</em></strong></span> <span class='ocrx_word' id='word_1_13' title='bbox 1147 526 1199 590; x_wconf 86' lang='grc' dir='ltr'><strong><em>καλ</em></strong></span> 
     </span>
     <span class='ocr_line' id='line_1_3' title="bbox 99 622 1199 716; baseline -0.003 -20"><span class='ocrx_word' id='word_1_14' title='bbox 99 635 247 696; x_wconf 76' lang='grc' dir='ltr'><strong><em>πλεῖστον</em></strong></span> <span class='ocrx_word' id='word_1_15' title='bbox 263 634 321 696; x_wconf 81' lang='grc' dir='ltr'><strong><em>τοῦ</em></strong></span> <span class='ocrx_word' id='word_1_16' title='bbox 337 625 509 709; x_wconf 64' lang='lat' dir='ltr'>‘Potamon</span> <span class='ocrx_word' id='word_1_17' title='bbox 531 633 721 715; x_wconf 76' lang='grc' dir='ltr'><strong><em>κεροίζουσι,</em></strong></span> <span class='ocrx_word' id='word_1_18' title='bbox 747 631 798 695; x_wconf 84' lang='grc' dir='ltr'><strong><em>καί</em></strong></span> <span class='ocrx_word' id='word_1_19' title='bbox 821 625 911 713; x_wconf 91' lang='grc' dir='ltr'><strong><em>μόλις</em></strong></span> <span class='ocrx_word' id='word_1_20' title='bbox 927 629 977 694; x_wconf 89' lang='grc' dir='ltr'><strong><em>ἐπλ</em></strong></span> <span class='ocrx_word' id='word_1_21' title='bbox 997 626 1053 695; x_wconf 84' lang='grc' dir='ltr'><strong><em>τόν</em></strong></span> <span class='ocrx_word' id='word_1_22' title='bbox 1075 622 1199 716; x_wconf 86' lang='grc' dir='ltr'><strong><em>χάρακα</em></strong></span> 
     </span>
     <span class='ocr_line' id='line_1_4' title="bbox 100 726 1197 819; baseline 0.002 -23"><span class='ocrx_word' id='word_1_23' title='bbox 100 726 264 818; x_wconf 70' lang='grc' dir='ltr'><strong><em>ἐπανήκειν</em></strong></span> <span class='ocrx_word' id='word_1_24' title='bbox 281 728 452 812; x_wconf 83' lang='grc' dir='ltr'><strong><em>Ῥωμαίους</em></strong></span> <span class='ocrx_word' id='word_1_25' title='bbox 475 731 506 797; x_wconf 79' lang='lat' dir='ltr'>oi</span> <span class='ocrx_word' id='word_1_26' title='bbox 517 728 681 819; x_wconf 85' lang='grc' dir='ltr'><strong><em>βάρβαροι</em></strong></span> <span class='ocrx_word' id='word_1_27' title='bbox 703 728 930 816; x_wconf 80' lang='grc' dir='ltr'><strong><em>συνεχάρησαν.</em></strong></span> <span class='ocrx_word' id='word_1_28' title='bbox 982 732 1016 797; x_wconf 88' lang='grc' dir='ltr'><strong><em>ἐν</em></strong></span> <span class='ocrx_word' id='word_1_29' title='bbox 1036 727 1159 809; x_wconf 88' lang='grc' dir='ltr'><strong><em>τούτοις</em></strong></span> <span class='ocrx_word' id='word_1_30' title='bbox 1179 727 1197 798; x_wconf 83' lang='grc' dir='ltr'><strong><em>ό</em></strong></span> 
     </span>
     <span class='ocr_line' id='line_1_5' title="bbox 98 830 1052 921; baseline -0.003 -17"><span class='ocrx_word' id='word_1_31' title='bbox 98 831 236 920; x_wconf 79' lang='grc' dir='ltr'><strong><em>ειόλεμος</em></strong></span> <span class='ocrx_word' id='word_1_32' title='bbox 249 834 436 920; x_wconf 75' lang='grc' dir='ltr'><strong><em>ἐπεπίραστο</em></strong></span> <span class='ocrx_word' id='word_1_33' title='bbox 443 883 454 915; x_wconf 92' lang='grc'><strong><em>,</em></strong></span> <span class='ocrx_word' id='word_1_34' title='bbox 480 835 531 900; x_wconf 80' lang='grc' dir='ltr'><strong><em>καί</em></strong></span> <span class='ocrx_word' id='word_1_35' title='bbox 545 831 727 918; x_wconf 88' lang='grc' dir='ltr'><strong><em>μετοπιόρον</em></strong></span> <span class='ocrx_word' id='word_1_36' title='bbox 739 834 962 921; x_wconf 87' lang='grc' dir='ltr'><strong><em>παρενίκυπτιν</em></strong></span> <span class='ocrx_word' id='word_1_37' title='bbox 974 830 1052 918; x_wconf 80' lang='grc' dir='ltr'><strong><em>όόρα.</em></strong></span> 
     </span>
     <span class='ocr_line' id='line_1_6' title="bbox 74 925 1238 1052; baseline -0.004 -44"><span class='ocrx_word' id='word_1_38' title='bbox 74 943 92 998; x_wconf 78' lang='lat'>⁵</span> <span class='ocrx_word' id='word_1_39' title='bbox 207 938 266 1008; x_wconf 80' lang='grc'><strong><em>10.</em></strong></span> <span class='ocrx_word' id='word_1_40' title='bbox 313 933 351 1004; x_wconf 80' lang='lat' dir='ltr'><strong><em>‘O</em></strong></span> <span class='ocrx_word' id='word_1_41' title='bbox 372 937 406 1002; x_wconf 77' lang='grc' dir='ltr'><strong><em>δέ</em></strong></span> <span class='ocrx_word' id='word_1_42' title='bbox 428 933 628 1026; x_wconf 71' lang='grc' dir='ltr'><strong><em>αὐτοκράτωρ</em></strong></span> <span class='ocrx_word' id='word_1_43' title='bbox 648 937 703 1005; x_wconf 83' lang='grc' dir='ltr'><strong><em>τόν</em></strong></span> <span class='ocrx_word' id='word_1_44' title='bbox 723 937 843 1024; x_wconf 90' lang='grc' dir='ltr'><strong><em>πατίρα</em></strong></span> <span class='ocrx_word' id='word_1_45' title='bbox 859 936 915 1004; x_wconf 83' lang='grc' dir='ltr'><strong><em>τὸν</em></strong></span> <span class='ocrx_word' id='word_1_46' title='bbox 928 941 1060 1004; x_wconf 75' lang='grc' dir='ltr'><strong><em>Παῦλον</em></strong></span> <span class='ocrx_word' id='word_1_47' title='bbox 1075 937 1125 1002; x_wconf 73' lang='grc' dir='ltr'><strong><em>ἐπὶ</em></strong></span> <span class='ocrx_word' id='word_1_48' title='bbox 1136 935 1195 1023; x_wconf 80' lang='grc' dir='ltr'><strong><em>τὴν</em></strong></span> <span class='ocrx_word' id='word_1_49' title='bbox 1211 925 1238 1052; x_wconf 56' lang='grc' dir='ltr'><strong><em>ξ,</em></strong></span> 
     </span>
     <span class='ocr_line' id='line_1_7' title="bbox 99 1037 1196 1130; baseline 0 -26"><span class='ocrx_word' id='word_1_50' title='bbox 99 1039 201 1124; x_wconf 80' lang='grc' dir='ltr'><strong><em>αὐλὴν</em></strong></span> <span class='ocrx_word' id='word_1_51' title='bbox 213 1041 369 1122; x_wconf 87' lang='grc' dir='ltr'><strong><em>βασίλειον</em></strong></span> <span class='ocrx_word' id='word_1_52' title='bbox 381 1045 532 1126; x_wconf 80' lang='grc' dir='ltr'><strong><em>λαμπρῶς</em></strong></span> <span class='ocrx_word' id='word_1_53' title='bbox 544 1043 595 1106; x_wconf 87' lang='grc' dir='ltr'><strong><em>καλ</em></strong></span> <span class='ocrx_word' id='word_1_54' title='bbox 610 1046 785 1130; x_wconf 83' lang='grc' dir='ltr'><strong><em>περιφανῶς</em></strong></span> <span class='ocrx_word' id='word_1_55' title='bbox 798 1040 979 1120; x_wconf 82' lang='grc' dir='ltr'><strong><em>ελσεδίξατο,</em></strong></span> <span class='ocrx_word' id='word_1_56' title='bbox 1006 1037 1133 1126; x_wconf 79' lang='grc' dir='ltr'><strong><em>ἐναγχος</em></strong></span> <span class='ocrx_word' id='word_1_57' title='bbox 1145 1041 1196 1106; x_wconf 86' lang='grc' dir='ltr'><strong><em>ἐιιλ</em></strong></span> 
     </span>
     <span class='ocr_line' id='line_1_8' title="bbox 99 1137 1197 1235; baseline 0.002 -28"><span class='ocrx_word' id='word_1_58' title='bbox 99 1142 137 1209; x_wconf 80' lang='grc' dir='ltr'><strong><em>τό</em></strong></span> <span class='ocrx_word' id='word_1_59' title='bbox 158 1145 396 1211; x_wconf 86' lang='grc' dir='ltr'><strong><em>Κωνσταιτίνου</em></strong></span> <span class='ocrx_word' id='word_1_60' title='bbox 416 1142 495 1209; x_wconf 85' lang='grc' dir='ltr'><strong><em>άστυ</em></strong></span> <span class='ocrx_word' id='word_1_61' title='bbox 516 1141 692 1228; x_wconf 86' lang='grc' dir='ltr'><strong><em>γενόμενον,</em></strong></span> <span class='ocrx_word' id='word_1_62' title='bbox 721 1145 773 1208; x_wconf 83' lang='grc' dir='ltr'><strong><em>καλ</em></strong></span> <span class='ocrx_word' id='word_1_63' title='bbox 795 1145 929 1231; x_wconf 88' lang='grc' dir='ltr'><strong><em>νυμφίος</em></strong></span> <span class='ocrx_word' id='word_1_64' title='bbox 949 1147 989 1228; x_wconf 81' lang='grc' dir='ltr'><strong><em>τῇ</em></strong></span> <span class='ocrx_word' id='word_1_65' title='bbox 1010 1137 1197 1235; x_wconf 80' lang='grc' dir='ltr'><strong><em>ὐστεραίηό</em></strong></span> 
     </span>
     <span class='ocr_line' id='line_1_9' title="bbox 97 1242 1197 1334; baseline 0 -24"><span class='ocrx_word' id='word_1_66' title='bbox 97 1246 247 1326; x_wconf 86' lang='grc' dir='ltr'><strong><em>βασιλεύς</em></strong></span> <span class='ocrx_word' id='word_1_67' title='bbox 260 1243 456 1329; x_wconf 87' lang='grc' dir='ltr'><strong><em>πομπεόεται.</em></strong></span> <span class='ocrx_word' id='word_1_68' title='bbox 469 1271 476 1288; x_wconf 87' lang='grc'><em>·</em></span> <span class='ocrx_word' id='word_1_69' title='bbox 489 1243 545 1312; x_wconf 81' lang='grc' dir='ltr'><strong><em>τόν</em></strong></span> <span class='ocrx_word' id='word_1_70' title='bbox 557 1245 616 1334; x_wconf 81' lang='grc' dir='ltr'><strong><em>γάρ</em></strong></span> <span class='ocrx_word' id='word_1_71' title='bbox 629 1242 773 1330; x_wconf 78' lang='grc' dir='ltr'><strong><em>Ἰωάννην</em></strong></span> <span class='ocrx_word' id='word_1_72' title='bbox 787 1245 845 1328; x_wconf 82' lang='grc' dir='ltr'><strong><em>τόν</em></strong></span> <span class='ocrx_word' id='word_1_73' title='bbox 855 1250 919 1312; x_wconf 79' lang='grc' dir='ltr'><strong><em>τῶν</em></strong></span> <span class='ocrx_word' id='word_1_74' title='bbox 933 1245 1113 1331; x_wconf 77' lang='grc' dir='ltr'><strong><em>ἶεραρχικολν</em></strong></span> <span class='ocrx_word' id='word_1_75' title='bbox 1125 1247 1197 1329; x_wconf 57' lang='lat' dir='ltr'><strong><em>laq-</em></strong></span> 
     </span>
     <span class='ocr_line' id='line_1_10' title="bbox 97 1344 1197 1438; baseline -0.002 -24"><span class='ocrx_word' id='word_1_76' title='bbox 97 1345 249 1432; x_wconf 88' lang='grc' dir='ltr'><strong><em>γούμενον</em></strong></span> <span class='ocrx_word' id='word_1_77' title='bbox 264 1345 389 1433; x_wconf 86' lang='grc' dir='ltr'><strong><em>θρόνων</em></strong></span> <span class='ocrx_word' id='word_1_78' title='bbox 403 1351 434 1424; x_wconf 82' lang='grc' dir='ltr'><strong><em>ἐς</em></strong></span> <span class='ocrx_word' id='word_1_79' title='bbox 446 1349 482 1414; x_wconf 81' lang='grc' dir='ltr'><strong><em>τό</em></strong></span> <span class='ocrx_word' id='word_1_80' title='bbox 496 1344 667 1433; x_wconf 74' lang='grc' dir='ltr'><strong><em>ἀνάκτορον</em></strong></span> <span class='ocrx_word' id='word_1_81' title='bbox 678 1344 938 1431; x_wconf 72' lang='grc' dir='ltr'><strong><em>εἰσκαλεσάμενος,</em></strong></span> <span class='ocrx_word' id='word_1_82' title='bbox 966 1349 1059 1436; x_wconf 80' lang='grc' dir='ltr'><strong><em>ἐντῷ</em></strong></span> <span class='ocrx_word' id='word_1_83' title='bbox 1074 1344 1197 1438; x_wconf 78' lang='grc' dir='ltr'><strong><em>μεγάλην</em></strong></span> 
     </span>
     <span class='ocr_line' id='line_1_11' title="bbox 59 1447 1198 1540; baseline -0.002 -22"><span class='ocrx_word' id='word_1_84' title='bbox 59 1465 91 1518; x_wconf 87' lang='grc'><strong><em>10</em></strong></span> <span class='ocrx_word' id='word_1_85' title='bbox 99 1447 241 1540; x_wconf 83' lang='grc' dir='ltr'><strong><em>θαλάμῳ</em></strong></span> <span class='ocrx_word' id='word_1_86' title='bbox 253 1458 299 1540; x_wconf 79' lang='grc' dir='ltr'><strong><em>τῷ</em></strong></span> <span class='ocrx_word' id='word_1_87' title='bbox 312 1450 390 1537; x_wconf 83' lang='grc' dir='ltr'><strong><em>πρός</em></strong></span> <span class='ocrx_word' id='word_1_88' title='bbox 406 1457 445 1537; x_wconf 81' lang='grc' dir='ltr'><strong><em>τῇ</em></strong></span> <span class='ocrx_word' id='word_1_89' title='bbox 456 1451 583 1537; x_wconf 80' lang='grc' dir='ltr'><strong><em>μεγίστη</em></strong></span> <span class='ocrx_word' id='word_1_90' title='bbox 601 1457 663 1516; x_wconf 82' lang='grc' dir='ltr'><strong><em>τῶν</em></strong></span> <span class='ocrx_word' id='word_1_91' title='bbox 680 1451 834 1532; x_wconf 78' lang='grc' dir='ltr'><strong><em>βασιλίσιν</em></strong></span> <span class='ocrx_word' id='word_1_92' title='bbox 850 1450 931 1536; x_wconf 83' lang='grc' dir='ltr'><strong><em>αὐλῇ</em></strong></span> <span class='ocrx_word' id='word_1_93' title='bbox 957 1447 1198 1538; x_wconf 79' lang='grc' dir='ltr'><strong><em>(Αὐγουσταΐος</em></strong></span> 
     </span>
     <span class='ocr_line' id='line_1_12' title="bbox 98 1543 1197 1639; baseline 0.001 -22"><span class='ocrx_word' id='word_1_94' title='bbox 98 1553 137 1617; x_wconf 75' lang='grc' dir='ltr'><strong><em>δ’·</em></strong></span> <span class='ocrx_word' id='word_1_95' title='bbox 151 1551 216 1637; x_wconf 87' lang='grc' dir='ltr'><strong><em>άρα</em></strong></span> <span class='ocrx_word' id='word_1_96' title='bbox 232 1543 324 1630; x_wconf 76' lang='grc' dir='ltr'><strong><em>οὗτος</em></strong></span> <span class='ocrx_word' id='word_1_97' title='bbox 336 1551 595 1638; x_wconf 80' lang='grc' dir='ltr'><strong><em>κατονομάζεται)</em></strong></span> <span class='ocrx_word' id='word_1_98' title='bbox 617 1552 704 1637; x_wconf 82' lang='grc' dir='ltr'><strong><em>ἠξίου</em></strong></span> <span class='ocrx_word' id='word_1_99' title='bbox 718 1559 775 1637; x_wconf 75' lang='grc' dir='ltr'><strong><em>τῆς</em></strong></span> <span class='ocrx_word' id='word_1_100' title='bbox 787 1556 821 1619; x_wconf 90' lang='grc' dir='ltr'><strong><em>ἐκ</em></strong></span> <span class='ocrx_word' id='word_1_101' title='bbox 836 1558 894 1620; x_wconf 80' lang='grc' dir='ltr'><strong><em>τοῦ</em></strong></span> <span class='ocrx_word' id='word_1_102' title='bbox 909 1554 1087 1639; x_wconf 86' lang='grc' dir='ltr'><strong><em>κρείττονος,</em></strong></span> <span class='ocrx_word' id='word_1_103' title='bbox 1094 1563 1197 1635; x_wconf 77' lang='grc' dir='ltr'><strong><em>τυχεῖν</em></strong></span> 
     </span>
     <span class='ocr_line' id='line_1_13' title="bbox 97 1652 1200 1741; baseline 0.001 -21"><span class='ocrx_word' id='word_1_104' title='bbox 97 1655 302 1732; x_wconf 88' lang='grc' dir='ltr'><strong><em>συναινίσειος</em></strong></span> <span class='ocrx_word' id='word_1_105' title='bbox 321 1655 373 1721; x_wconf 79' lang='grc' dir='ltr'><strong><em>διὰ</em></strong></span> <span class='ocrx_word' id='word_1_106' title='bbox 393 1663 448 1740; x_wconf 78' lang='grc' dir='ltr'><strong><em>τῆς</em></strong></span> <span class='ocrx_word' id='word_1_107' title='bbox 468 1655 546 1738; x_wconf 83' lang='grc' dir='ltr'><strong><em>πρός</em></strong></span> <span class='ocrx_word' id='word_1_108' title='bbox 559 1656 595 1722; x_wconf 83' lang='grc' dir='ltr'><strong><em>τό</em></strong></span> <span class='ocrx_word' id='word_1_109' title='bbox 609 1663 697 1722; x_wconf 82' lang='grc' dir='ltr'><strong><em>θεῒον</em></strong></span> <span class='ocrx_word' id='word_1_110' title='bbox 709 1662 769 1722; x_wconf 78' lang='grc' dir='ltr'><strong><em>τοῦ</em></strong></span> <span class='ocrx_word' id='word_1_111' title='bbox 789 1654 891 1741; x_wconf 76' lang='grc' dir='ltr'><strong><em>λερίιος</em></strong></span> <span class='ocrx_word' id='word_1_112' title='bbox 908 1652 1086 1736; x_wconf 85' lang='grc' dir='ltr'><strong><em>ἐντεύξειος,</em></strong></span> <span class='ocrx_word' id='word_1_113' title='bbox 1113 1655 1200 1732; x_wconf 81' lang='grc' dir='ltr'><strong><em>ὅπως</em></strong></span> 
     </span>
     <span class='ocr_line' id='line_1_14' title="bbox 97 1754 1199 1848; baseline 0.001 -24"><span class='ocrx_word' id='word_1_114' title='bbox 97 1759 188 1825; x_wconf 76' lang='grc' dir='ltr'><strong><em>αἶ’σια</em></strong></span> <span class='ocrx_word' id='word_1_115' title='bbox 201 1765 246 1848; x_wconf 79' lang='grc' dir='ltr'><strong><em>τῷ</em></strong></span> <span class='ocrx_word' id='word_1_116' title='bbox 260 1761 434 1840; x_wconf 84' lang='grc' dir='ltr'><strong><em>βασιλιῖτά</em></strong></span> <span class='ocrx_word' id='word_1_117' title='bbox 452 1765 509 1824; x_wconf 83' lang='grc' dir='ltr'><strong><em>τοῦ</em></strong></span> <span class='ocrx_word' id='word_1_118' title='bbox 524 1755 624 1845; x_wconf 88' lang='grc' dir='ltr'><strong><em>γάμου</em></strong></span> <span class='ocrx_word' id='word_1_119' title='bbox 641 1761 780 1842; x_wconf 76' lang='grc' dir='ltr'><strong><em>συμβαίη</em></strong></span> <span class='ocrx_word' id='word_1_120' title='bbox 800 1759 943 1843; x_wconf 85' lang='grc' dir='ltr'><strong><em>ἐπίχειρα.</em></strong></span> <span class='ocrx_word' id='word_1_121' title='bbox 996 1754 1013 1824; x_wconf 83' lang='grc' dir='ltr'><strong><em>ό</em></strong></span> <span class='ocrx_word' id='word_1_122' title='bbox 1040 1756 1074 1823; x_wconf 66' lang='grc' dir='ltr'><strong><em>λ’</em></strong></span> <span class='ocrx_word' id='word_1_123' title='bbox 1091 1757 1199 1845; x_wconf 73' lang='grc' dir='ltr'><strong><em>όερτύς</em></strong></span> 
     </span>
     <span class='ocr_line' id='line_1_15' title="bbox 96 1859 1198 1952; baseline 0 -26"><span class='ocrx_word' id='word_1_124' title='bbox 96 1861 135 1929; x_wconf 85' lang='grc' dir='ltr'><strong><em>τό</em></strong></span> <span class='ocrx_word' id='word_1_125' title='bbox 153 1861 314 1944; x_wconf 87' lang='grc' dir='ltr'><strong><em>βασιλικόν</em></strong></span> <span class='ocrx_word' id='word_1_126' title='bbox 336 1859 523 1949; x_wconf 69' lang='grc' dir='ltr'><strong><em>ἐθεράπευσε</em></strong></span> <span class='ocrx_word' id='word_1_127' title='bbox 537 1859 682 1946; x_wconf 89' lang='grc' dir='ltr'><strong><em>βούλημα</em></strong></span> <span class='ocrx_word' id='word_1_128' title='bbox 696 1868 736 1949; x_wconf 80' lang='grc' dir='ltr'><strong><em>τῇ</em></strong></span> <span class='ocrx_word' id='word_1_129' title='bbox 754 1864 821 1948; x_wconf 86' lang='grc' dir='ltr'><strong><em>περί</em></strong></span> <span class='ocrx_word' id='word_1_130' title='bbox 836 1861 873 1929; x_wconf 82' lang='grc' dir='ltr'><strong><em>τό</em></strong></span> <span class='ocrx_word' id='word_1_131' title='bbox 889 1868 976 1927; x_wconf 83' lang='grc' dir='ltr'><strong><em>θεΐον</em></strong></span> <span class='ocrx_word' id='word_1_132' title='bbox 991 1860 1118 1952; x_wconf 82' lang='grc' dir='ltr'><strong><em>ίιιετείρ,</em></strong></span> <span class='ocrx_word' id='word_1_133' title='bbox 1146 1864 1198 1926; x_wconf 89' lang='grc' dir='ltr'><strong><em>καλ</em></strong></span> 
     </span>
     <span class='ocr_line' id='line_1_16' title="bbox 59 1945 1236 2050; baseline 0 -21"><span class='ocrx_word' id='word_1_134' title='bbox 59 1975 90 2030; x_wconf 84' lang='grc'><strong><em>15</em></strong></span> <span class='ocrx_word' id='word_1_135' title='bbox 100 1970 163 2030; x_wconf 82' lang='grc' dir='ltr'><strong><em>τῶν</em></strong></span> <span class='ocrx_word' id='word_1_136' title='bbox 177 1969 291 2050; x_wconf 79' lang='grc' dir='ltr'><strong><em>χειρῶν</em></strong></span> <span class='ocrx_word' id='word_1_137' title='bbox 305 1972 367 2032; x_wconf 82' lang='grc' dir='ltr'><strong><em>τῶν</em></strong></span> <span class='ocrx_word' id='word_1_138' title='bbox 381 1966 534 2049; x_wconf 86' lang='grc' dir='ltr'><strong><em>βασιλίεον</em></strong></span> <span class='ocrx_word' id='word_1_139' title='bbox 553 1962 697 2048; x_wconf 74' lang='grc' dir='ltr'><strong><em>ἐλόμενος</em></strong></span> <span class='ocrx_word' id='word_1_140' title='bbox 718 1971 871 2048; x_wconf 76' lang='grc' dir='ltr'><strong><em>συνῆπτεν</em></strong></span> <span class='ocrx_word' id='word_1_141' title='bbox 891 1945 1055 2049; x_wconf 79' lang='grc' dir='ltr'><strong><em>ἀλλήλαις,</em></strong></span> <span class='ocrx_word' id='word_1_142' title='bbox 1076 1963 1236 2043; x_wconf 75' lang='grc' dir='ltr'><strong><em>εὐκτοΐςῐ)</em></strong></span> 
     </span>
     <span class='ocr_line' id='line_1_17' title="bbox 97 2061 1196 2154; baseline 0.001 -20"><span class='ocrx_word' id='word_1_143' title='bbox 97 2093 132 2134; x_wconf 87' lang='grc' dir='ltr'><strong><em>τι</em></strong></span> <span class='ocrx_word' id='word_1_144' title='bbox 151 2067 395 2154; x_wconf 85' lang='grc' dir='ltr'><strong><em>προσφθίγμασι</em></strong></span> <span class='ocrx_word' id='word_1_145' title='bbox 415 2069 469 2135; x_wconf 85' lang='grc' dir='ltr'><strong><em>τόν</em></strong></span> <span class='ocrx_word' id='word_1_146' title='bbox 495 2074 553 2134; x_wconf 76' lang='lat' dir='ltr'>nori</span> <span class='ocrx_word' id='word_1_147' title='bbox 577 2065 811 2152; x_wconf 76' lang='grc' dir='ltr'><strong><em>αὐτοκράτορος</em></strong></span> <span class='ocrx_word' id='word_1_148' title='bbox 836 2062 1061 2154; x_wconf 74' lang='grc' dir='ltr'><strong><em>κατηυφόμησε</em></strong></span> <span class='ocrx_word' id='word_1_149' title='bbox 1084 2061 1196 2152; x_wconf 88' lang='grc' dir='ltr'><strong><em>γόμον.</em></strong></span> 
     </span>
     <span class='ocr_line' id='line_1_18' title="bbox 97 2165 1198 2256; baseline -0.001 -20"><span class='ocrx_word' id='word_1_150' title='bbox 97 2172 150 2236; x_wconf 80' lang='grc' dir='ltr'><strong><em>ναί</em></strong></span> <span class='ocrx_word' id='word_1_151' title='bbox 172 2173 253 2254; x_wconf 79' lang='grc' dir='ltr'><strong><em>δῆτα</em></strong></span> <span class='ocrx_word' id='word_1_152' title='bbox 277 2173 329 2237; x_wconf 87' lang='grc' dir='ltr'><strong><em>καλ</em></strong></span> <span class='ocrx_word' id='word_1_153' title='bbox 347 2170 403 2248; x_wconf 80' lang='grc' dir='ltr'><strong><em>τάς</em></strong></span> <span class='ocrx_word' id='word_1_154' title='bbox 425 2172 565 2256; x_wconf 83' lang='grc' dir='ltr'><strong><em>κορυφάς</em></strong></span> <span class='ocrx_word' id='word_1_155' title='bbox 584 2177 646 2237; x_wconf 80' lang='grc' dir='ltr'><strong><em>τῶν</em></strong></span> <span class='ocrx_word' id='word_1_156' title='bbox 666 2170 820 2252; x_wconf 79' lang='grc' dir='ltr'><strong><em>βασιλίσιν</em></strong></span> <span class='ocrx_word' id='word_1_157' title='bbox 839 2180 905 2247; x_wconf 80' lang='grc' dir='ltr'><strong><em>τοῖς</em></strong></span> <span class='ocrx_word' id='word_1_158' title='bbox 924 2165 1087 2256; x_wconf 84' lang='grc' dir='ltr'><strong><em>στεφάνοις</em></strong></span> <span class='ocrx_word' id='word_1_159' title='bbox 1103 2171 1198 2237; x_wconf 80' lang='grc' dir='ltr'><strong><em>καθί·</em></strong></span> 
     </span>
     <span class='ocr_line' id='line_1_19' title="bbox 98 2268 1199 2360; baseline 0.001 -22"><span class='ocrx_word' id='word_1_160' title='bbox 98 2275 213 2356; x_wconf 82' lang='grc' dir='ltr'><strong><em>ὐρυσι,</em></strong></span> <span class='ocrx_word' id='word_1_161' title='bbox 239 2280 303 2340; x_wconf 82' lang='grc' dir='ltr'><strong><em>τῶν</em></strong></span> <span class='ocrx_word' id='word_1_162' title='bbox 322 2299 355 2341; x_wconf 91' lang='grc' dir='ltr'><strong><em>τε</em></strong></span> <span class='ocrx_word' id='word_1_163' title='bbox 374 2277 566 2358; x_wconf 85' lang='grc' dir='ltr'><strong><em>θεανίρικῶν</em></strong></span> <span class='ocrx_word' id='word_1_164' title='bbox 584 2274 763 2360; x_wconf 84' lang='grc' dir='ltr'><strong><em>μυστηρίων</em></strong></span> <span class='ocrx_word' id='word_1_165' title='bbox 783 2271 968 2354; x_wconf 80' lang='grc' dir='ltr'><strong><em>μετίδωκεν,</em></strong></span> <span class='ocrx_word' id='word_1_166' title='bbox 995 2268 1038 2347; x_wconf 80' lang='grc' dir='ltr'><strong><em>ὥς</em></strong></span> <span class='ocrx_word' id='word_1_167' title='bbox 1061 2268 1199 2356; x_wconf 83' lang='grc' dir='ltr'><strong><em>σόνηθες</em></strong></span> 
     </span>
     <span class='ocr_line' id='line_1_20' title="bbox 97 2358 1198 2462; baseline 0.002 -22"><span class='ocrx_word' id='word_1_168' title='bbox 97 2383 163 2452; x_wconf 80' lang='grc' dir='ltr'><strong><em>τοῖς</em></strong></span> <span class='ocrx_word' id='word_1_169' title='bbox 178 2373 388 2461; x_wconf 87' lang='grc' dir='ltr'><strong><em>θρησκεόουσι</em></strong></span> <span class='ocrx_word' id='word_1_170' title='bbox 401 2377 459 2459; x_wconf 82' lang='grc' dir='ltr'><strong><em>τὴν</em></strong></span> <span class='ocrx_word' id='word_1_171' title='bbox 473 2381 594 2462; x_wconf 81' lang='grc' dir='ltr'><strong><em>παναγῆ</em></strong></span> <span class='ocrx_word' id='word_1_172' title='bbox 606 2371 726 2460; x_wconf 86' lang='grc' dir='ltr'><strong><em>ταύτην</em></strong></span> <span class='ocrx_word' id='word_1_173' title='bbox 740 2377 791 2441; x_wconf 78' lang='grc' dir='ltr'><strong><em>καὶ</em></strong></span> <span class='ocrx_word' id='word_1_174' title='bbox 806 2358 974 2457; x_wconf 78' lang='grc' dir='ltr'><strong><em>άκίβόηλλν</em></strong></span> <span class='ocrx_word' id='word_1_175' title='bbox 985 2377 1096 2439; x_wconf 88' lang='grc' dir='ltr'><strong><em>πίστιν.</em></strong></span> <span class='ocrx_word' id='word_1_176' title='bbox 1131 2371 1198 2442; x_wconf 83' lang='grc' dir='ltr'><strong><em>ιίτα</em></strong></span> 
     </span>
     <span class='ocr_line' id='line_1_21' title="bbox 60 2473 1199 2566; baseline -0.003 -20"><span class='ocrx_word' id='word_1_177' title='bbox 60 2477 168 2561; x_wconf 70' lang='grc' dir='ltr'><strong><em>λθμετ’</em></strong></span> <span class='ocrx_word' id='word_1_178' title='bbox 196 2480 289 2545; x_wconf 74' lang='grc' dir='ltr'><strong><em>ἐκεῖνο</em></strong></span> <span class='ocrx_word' id='word_1_179' title='bbox 308 2479 494 2566; x_wconf 84' lang='grc' dir='ltr'><strong><em>ελσίφρησαν</em></strong></span> <span class='ocrx_word' id='word_1_180' title='bbox 509 2480 557 2543; x_wconf 84' lang='grc' dir='ltr'><strong><em>ἐπί</em></strong></span> <span class='ocrx_word' id='word_1_181' title='bbox 572 2479 628 2560; x_wconf 76' lang='grc' dir='ltr'><strong><em>τῆν</em></strong></span> <span class='ocrx_word' id='word_1_182' title='bbox 642 2479 800 2561; x_wconf 88' lang='grc' dir='ltr'><strong><em>βασίλειον</em></strong></span> <span class='ocrx_word' id='word_1_183' title='bbox 815 2473 962 2542; x_wconf 79' lang='grc' dir='ltr'><strong><em>παστάδα</em></strong></span> <span class='ocrx_word' id='word_1_184' title='bbox 976 2475 1006 2541; x_wconf 78' lang='grc' dir='ltr'><strong><em>ολ</em></strong></span> <span class='ocrx_word' id='word_1_185' title='bbox 1021 2486 1091 2552; x_wconf 74' lang='grc' dir='ltr'><strong><em>ταῖς</em></strong></span> <span class='ocrx_word' id='word_1_186' title='bbox 1103 2501 1199 2562; x_wconf 86' lang='grc' dir='ltr'><strong><em>κορυ-</em></strong></span> 
     </span>
     <span class='ocr_line' id='line_1_22' title="bbox 98 2577 1197 2668; baseline 0 -22"><span class='ocrx_word' id='word_1_187' title='bbox 98 2590 177 2668; x_wconf 79' lang='grc' dir='ltr'><strong><em>φαῖς</em></strong></span> <span class='ocrx_word' id='word_1_188' title='bbox 197 2583 259 2646; x_wconf 81' lang='grc' dir='ltr'><strong><em>τῶν</em></strong></span> <span class='ocrx_word' id='word_1_189' title='bbox 279 2578 461 2663; x_wconf 81' lang='grc' dir='ltr'><strong><em>ὐξιοιμάτοιν</em></strong></span> <span class='ocrx_word' id='word_1_190' title='bbox 479 2577 756 2668; x_wconf 79' lang='grc' dir='ltr'><strong><em>περιλαμπόμενοι,</em></strong></span> <span class='ocrx_word' id='word_1_191' title='bbox 784 2577 839 2656; x_wconf 77' lang='grc' dir='ltr'><strong><em>οὓς</em></strong></span> <span class='ocrx_word' id='word_1_192' title='bbox 854 2581 905 2644; x_wconf 86' lang='grc' dir='ltr'><strong><em>καλ</em></strong></span> <span class='ocrx_word' id='word_1_193' title='bbox 919 2585 1016 2665; x_wconf 84' lang='grc' dir='ltr'><strong><em>γονείς</em></strong></span> <span class='ocrx_word' id='word_1_194' title='bbox 1031 2577 1197 2646; x_wconf 74' lang='grc' dir='ltr'><strong><em>ἀποκαλεῖν</em></strong></span> 
     </span>
     <span class='ocr_line' id='line_1_23' title="bbox 45 2679 1198 2769; baseline 0.002 -23"><span class='ocrx_word' id='word_1_195' title='bbox 45 2737 48 2746; x_wconf 85' lang='grc'><strong><em>,</em></strong></span> <span class='ocrx_word' id='word_1_196' title='bbox 97 2682 245 2764; x_wconf 86' lang='grc' dir='ltr'><strong><em>βασιλεύς</em></strong></span> <span class='ocrx_word' id='word_1_197' title='bbox 264 2681 321 2748; x_wconf 91' lang='grc' dir='ltr'><strong><em>οὐκ</em></strong></span> <span class='ocrx_word' id='word_1_198' title='bbox 341 2683 530 2768; x_wconf 77' lang='grc' dir='ltr'><strong><em>ἀπηξίωσεν,</em></strong></span> <span class='ocrx_word' id='word_1_199' title='bbox 556 2682 626 2750; x_wconf 87' lang='grc' dir='ltr'><strong><em>ὐντλ</em></strong></span> <span class='ocrx_word' id='word_1_200' title='bbox 648 2689 769 2767; x_wconf 76' lang='grc' dir='ltr'><strong><em>σπορᾶς</em></strong></span> <span class='ocrx_word' id='word_1_201' title='bbox 787 2679 890 2769; x_wconf 78' lang='grc' dir='ltr'><strong><em>ὥσπερ</em></strong></span> <span class='ocrx_word' id='word_1_202' title='bbox 908 2682 1198 2765; x_wconf 86' lang='grc' dir='ltr'><strong><em>καταβαλλομίνους</em></strong></span> 
     </span>
     <span class='ocr_line' id='line_1_24' title="bbox 98 2778 1198 2870; baseline -0.001 -20"><span class='ocrx_word' id='word_1_203' title='bbox 98 2784 159 2870; x_wconf 79' lang='grc' dir='ltr'><strong><em>τὴν</em></strong></span> <span class='ocrx_word' id='word_1_204' title='bbox 178 2783 308 2852; x_wconf 87' lang='grc' dir='ltr'><strong><em>εὐνοιαν.</em></strong></span> <span class='ocrx_word' id='word_1_205' title='bbox 360 2778 445 2852; x_wconf 82' lang='grc' dir='ltr'><strong><em>αὐτοι</em></strong></span> <span class='ocrx_word' id='word_1_206' title='bbox 467 2788 644 2870; x_wconf 79' lang='grc' dir='ltr'><strong><em>προπομποί</em></strong></span> <span class='ocrx_word' id='word_1_207' title='bbox 667 2791 724 2850; x_wconf 83' lang='grc' dir='ltr'><strong><em>τοῦ</em></strong></span> <span class='ocrx_word' id='word_1_208' title='bbox 743 2785 895 2866; x_wconf 88' lang='grc' dir='ltr'><strong><em>βασιλίως</em></strong></span> <span class='ocrx_word' id='word_1_209' title='bbox 915 2780 1069 2869; x_wconf 82' lang='grc' dir='ltr'><strong><em>γινόμενοι</em></strong></span> <span class='ocrx_word' id='word_1_210' title='bbox 1084 2786 1118 2850; x_wconf 91' lang='grc' dir='ltr'><strong><em>ἐν</em></strong></span> <span class='ocrx_word' id='word_1_211' title='bbox 1130 2795 1198 2862; x_wconf 81' lang='grc' dir='ltr'><strong><em>τοίς</em></strong></span> 
     </span>
     <span class='ocr_line' id='line_1_25' title="bbox 99 2882 1198 2974; baseline 0.001 -21"><span class='ocrx_word' id='word_1_212' title='bbox 99 2887 303 2974; x_wconf 84' lang='grc' dir='ltr'><strong><em>προπυλαίοις</em></strong></span> <span class='ocrx_word' id='word_1_213' title='bbox 324 2893 388 2953; x_wconf 81' lang='grc' dir='ltr'><strong><em>τῶν</em></strong></span> <span class='ocrx_word' id='word_1_214' title='bbox 410 2889 574 2969; x_wconf 87' lang='grc' dir='ltr'><strong><em>βασιλείων</em></strong></span> <span class='ocrx_word' id='word_1_215' title='bbox 593 2882 758 2974; x_wconf 83' lang='grc' dir='ltr'><strong><em>ἐλιπάρουν</em></strong></span> <span class='ocrx_word' id='word_1_216' title='bbox 780 2897 849 2964; x_wconf 77' lang='grc' dir='ltr'><strong><em>ταῖς</em></strong></span> <span class='ocrx_word' id='word_1_217' title='bbox 870 2885 1036 2974; x_wconf 84' lang='grc' dir='ltr'><strong><em>εὐφημίαις</em></strong></span> <span class='ocrx_word' id='word_1_218' title='bbox 1052 2884 1107 2953; x_wconf 80' lang='grc' dir='ltr'><strong><em>τόν</em></strong></span> <span class='ocrx_word' id='word_1_219' title='bbox 1117 2913 1198 2971; x_wconf 89' lang='grc' dir='ltr'><strong><em>νυμ-</em></strong></span> 
     </span>
     <span class='ocr_line' id='line_1_26' title="bbox 62 2985 1197 3079; baseline -0.004 -18"><span class='ocrx_word' id='word_1_220' title='bbox 62 2993 190 3078; x_wconf 64' lang='grc' dir='ltr'><strong><em>θᾶφίον,</em></strong></span> <span class='ocrx_word' id='word_1_221' title='bbox 218 2989 272 3056; x_wconf 86' lang='grc' dir='ltr'><strong><em>τόν</em></strong></span> <span class='ocrx_word' id='word_1_222' title='bbox 292 2993 456 3079; x_wconf 86' lang='grc' dir='ltr'><strong><em>Καίσαρα,</em></strong></span> <span class='ocrx_word' id='word_1_223' title='bbox 485 2993 534 3056; x_wconf 74' lang='grc' dir='ltr'><strong><em>ἐπὶ</em></strong></span> <span class='ocrx_word' id='word_1_224' title='bbox 552 2985 671 3078; x_wconf 89' lang='grc' dir='ltr'><strong><em>θρόνου</em></strong></span> <span class='ocrx_word' id='word_1_225' title='bbox 694 2992 871 3057; x_wconf 78' lang='grc' dir='ltr'><strong><em>καθίσαντα</em></strong></span> <span class='ocrx_word' id='word_1_226' title='bbox 893 2991 1197 3078; x_wconf 72' lang='grc' dir='ltr'><strong><em>ἐπιφαίνεσθαίτοῖς</em></strong></span> 
     </span>
    </p>
   </div>
   <div class='ocr_carea' id='block_1_3' title="bbox 96 3219 1199 4256">
    <p class='ocr_par' dir='ltr' id='par_1_3' title="bbox 96 3219 1198 3430">
     <span class='ocr_line' id='line_1_27' title="bbox 97 3219 1198 3292; baseline 0.001 -16"><span class='ocrx_word' id='word_1_227' title='bbox 97 3221 131 3276; x_wconf 78' lang='lat' dir='ltr'><strong><em>ed</em></strong></span> <span class='ocrx_word' id='word_1_228' title='bbox 148 3219 233 3274; x_wconf 79' lang='lat' dir='ltr'>arona</span> <span class='ocrx_word' id='word_1_229' title='bbox 250 3220 399 3292; x_wconf 74' lang='lat' dir='ltr'>munitaque</span> <span class='ocrx_word' id='word_1_230' title='bbox 415 3221 526 3276; x_wconf 87' lang='lat' dir='ltr'>locorum</span> <span class='ocrx_word' id='word_1_231' title='bbox 545 3223 671 3278; x_wconf 71' lang='lat' dir='ltr'>medendi</span> <span class='ocrx_word' id='word_1_232' title='bbox 688 3222 859 3292; x_wconf 72' lang='lat' dir='ltr'>defatigatam</span> <span class='ocrx_word' id='word_1_233' title='bbox 874 3226 1025 3288; x_wconf 76' lang='lat' dir='ltr'>cernerent,</span> <span class='ocrx_word' id='word_1_234' title='bbox 1046 3224 1198 3292; x_wconf 72' lang='lat' dir='ltr'>premebant</span> 
     </span>
     <span class='ocr_line' id='line_1_28' title="bbox 96 3291 1196 3363; baseline 0.001 -20"><span class='ocrx_word' id='word_1_235' title='bbox 96 3291 225 3353; x_wconf 83' lang='lat' dir='ltr'>viriliter,</span> <span class='ocrx_word' id='word_1_236' title='bbox 250 3291 381 3344; x_wconf 80' lang='lat' dir='ltr'>maximum</span> <span class='ocrx_word' id='word_1_237' title='bbox 404 3308 488 3345; x_wconf 87' lang='lat' dir='ltr'>eorum</span> <span class='ocrx_word' id='word_1_238' title='bbox 512 3303 611 3361; x_wconf 85' lang='lat' dir='ltr'>partem</span> <span class='ocrx_word' id='word_1_239' title='bbox 628 3294 666 3346; x_wconf 87' lang='lat' dir='ltr'><strong><em>ita</em></strong></span> <span class='ocrx_word' id='word_1_240' title='bbox 683 3293 854 3363; x_wconf 65' lang='lat' dir='ltr'><strong><em>dissipentur,</em></strong></span> <span class='ocrx_word' id='word_1_241' title='bbox 877 3301 907 3345; x_wconf 90' lang='lat' dir='ltr'><strong><em>ut</em></strong></span> <span class='ocrx_word' id='word_1_242' title='bbox 929 3293 962 3344; x_wconf 88' lang='lat' dir='ltr'><strong><em>ad</em></strong></span> <span class='ocrx_word' id='word_1_243' title='bbox 980 3298 1066 3344; x_wconf 84' lang='lat' dir='ltr'>cantra</span> <span class='ocrx_word' id='word_1_244' title='bbox 1081 3310 1112 3345; x_wconf 85' lang='lat' dir='ltr'><strong><em>re</em></strong></span> <span class='ocrx_word' id='word_1_245' title='bbox 1127 3295 1196 3344; x_wconf 83' lang='lat' dir='ltr'>reci-</span> 
     </span>
     <span class='ocr_line' id='line_1_29' title="bbox 100 3359 1196 3430; baseline 0.003 -17"><span class='ocrx_word' id='word_1_246' title='bbox 100 3375 164 3430; x_wconf 87' lang='lat' dir='ltr'>pere</span> <span class='ocrx_word' id='word_1_247' title='bbox 182 3359 229 3412; x_wconf 82' lang='lat' dir='ltr'>vix</span> <span class='ocrx_word' id='word_1_248' title='bbox 265 3367 359 3412; x_wconf 77' lang='lat' dir='ltr'>nerent.</span> <span class='ocrx_word' id='word_1_249' title='bbox 395 3360 446 3413; x_wconf 89' lang='lat' dir='ltr'>Hic</span> <span class='ocrx_word' id='word_1_250' title='bbox 462 3377 566 3430; x_wconf 75' lang='lat' dir='ltr'>pugnae</span> <span class='ocrx_word' id='word_1_251' title='bbox 583 3362 668 3426; x_wconf 82' lang='lat' dir='ltr'>exitua</span> <span class='ocrx_word' id='word_1_252' title='bbox 685 3363 751 3427; x_wconf 82' lang='lat' dir='ltr'>luit,</span> <span class='ocrx_word' id='word_1_253' title='bbox 769 3368 796 3413; x_wconf 93' lang='lat' dir='ltr'>et</span> <span class='ocrx_word' id='word_1_254' title='bbox 812 3369 946 3413; x_wconf 71' lang='lat' dir='ltr'>autumno·</span> <span class='ocrx_word' id='word_1_255' title='bbox 962 3360 1013 3413; x_wconf 89' lang='lat' dir='ltr'>iam</span> <span class='ocrx_word' id='word_1_256' title='bbox 1030 3359 1196 3416; x_wconf 70' lang='lat' dir='ltr'>adventabat.</span> 
     </span>
    </p>

    <p class='ocr_par' dir='ltr' id='par_1_4' title="bbox 97 3429 1199 4256">
     <span class='ocr_line' id='line_1_30' title="bbox 169 3429 1199 3498; baseline 0 -14"><span class='ocrx_word' id='word_1_257' title='bbox 169 3431 211 3484; x_wconf 84' lang='grc'><strong><em>10.</em></strong></span> <span class='ocrx_word' id='word_1_258' title='bbox 262 3438 391 3497; x_wconf 82' lang='lat' dir='ltr'>mpcmtor</span> <span class='ocrx_word' id='word_1_259' title='bbox 414 3439 511 3498; x_wconf 81' lang='lat' dir='ltr'>patrem</span> <span class='ocrx_word' id='word_1_260' title='bbox 535 3447 606 3483; x_wconf 83' lang='lat' dir='ltr'>noum</span> <span class='ocrx_word' id='word_1_261' title='bbox 632 3431 754 3495; x_wconf 68' lang='lat' dir='ltr'>Paulum,</span> <span class='ocrx_word' id='word_1_262' title='bbox 779 3430 823 3496; x_wconf 90' lang='lat' dir='ltr'><strong><em>qui</em></strong></span> <span class='ocrx_word' id='word_1_263' title='bbox 840 3429 985 3496; x_wconf 84' lang='lat' dir='ltr'>nuperrime</span> <span class='ocrx_word' id='word_1_264' title='bbox 1002 3429 1199 3497; x_wconf 79' lang='lat' dir='ltr'>cpolim&#39;vcnc-</span> 
     </span>
     <span class='ocr_line' id='line_1_31' title="bbox 98 3497 1198 3581; baseline 0.001 -31"><span class='ocrx_word' id='word_1_265' title='bbox 98 3503 155 3562; x_wconf 81' lang='lat' dir='ltr'>rot,</span> <span class='ocrx_word' id='word_1_266' title='bbox 179 3497 320 3550; x_wconf 77' lang='lat' dir='ltr'>honorifice</span> <span class='ocrx_word' id='word_1_267' title='bbox 337 3516 368 3551; x_wconf 86' lang='lat' dir='ltr'><strong><em>ac</em></strong></span> <span class='ocrx_word' id='word_1_268' title='bbox 385 3498 519 3581; x_wconf 77' lang='lat' dir='ltr'>aplcndide</span> <span class='ocrx_word' id='word_1_269' title='bbox 535 3501 562 3551; x_wconf 90' lang='lat' dir='ltr'><strong><em>in</em></strong></span> <span class='ocrx_word' id='word_1_270' title='bbox 578 3500 700 3567; x_wconf 86' lang='lat' dir='ltr'>palatium</span> <span class='ocrx_word' id='word_1_271' title='bbox 724 3500 840 3567; x_wconf 86' lang='lat' dir='ltr'>occepit,</span> <span class='ocrx_word' id='word_1_272' title='bbox 862 3514 943 3566; x_wconf 83' lang='lat' dir='ltr'>aeque</span> <span class='ocrx_word' id='word_1_273' title='bbox 967 3498 1094 3568; x_wconf 81' lang='lat' dir='ltr'>portridie</span> <span class='ocrx_word' id='word_1_274' title='bbox 1118 3515 1198 3568; x_wconf 89' lang='lat' dir='ltr'>rpon·</span> 
     </span>
     <span class='ocr_line' id='line_1_32' title="bbox 98 3566 1196 3638; baseline 0.001 -19"><span class='ocrx_word' id='word_1_275' title='bbox 98 3583 154 3620; x_wconf 81' lang='lat' dir='ltr'><strong><em>rom</em></strong></span> <span class='ocrx_word' id='word_1_276' title='bbox 179 3566 206 3619; x_wconf 90' lang='lat' dir='ltr'>io</span> <span class='ocrx_word' id='word_1_277' title='bbox 232 3582 327 3635; x_wconf 88' lang='lat' dir='ltr'>pompa</span> <span class='ocrx_word' id='word_1_278' title='bbox 349 3567 472 3620; x_wconf 71' lang='lat' dir='ltr'>exhibuit.</span> <span class='ocrx_word' id='word_1_279' title='bbox 507 3568 615 3620; x_wconf 86' lang='lat' dir='ltr'>accitum</span> <span class='ocrx_word' id='word_1_280' title='bbox 642 3567 708 3620; x_wconf 84' lang='lat' dir='ltr'>enim</span> <span class='ocrx_word' id='word_1_281' title='bbox 731 3568 851 3630; x_wconf 80' lang='lat' dir='ltr'>loannem</span> <span class='ocrx_word' id='word_1_282' title='bbox 868 3567 1043 3638; x_wconf 79' lang='lat' dir='ltr'>patriarchum</span> <span class='ocrx_word' id='word_1_283' title='bbox 1060 3566 1087 3621; x_wconf 87' lang='lat' dir='ltr'><strong><em>in</em></strong></span> <span class='ocrx_word' id='word_1_284' title='bbox 1104 3583 1196 3636; x_wconf 70' lang='lat' dir='ltr'>unguo</span> 
     </span>
     <span class='ocr_line' id='line_1_33' title="bbox 97 3635 1196 3705; baseline 0.004 -18"><span class='ocrx_word' id='word_1_285' title='bbox 97 3636 226 3702; x_wconf 80' lang='lat' dir='ltr'>thalamo,</span> <span class='ocrx_word' id='word_1_286' title='bbox 251 3635 325 3688; x_wconf 85' lang='lat' dir='ltr'>iuxte</span> <span class='ocrx_word' id='word_1_287' title='bbox 342 3637 423 3689; x_wconf 82' lang='lat' dir='ltr'>nolam</span> <span class='ocrx_word' id='word_1_288' title='bbox 441 3635 553 3689; x_wconf 81' lang='lat' dir='ltr'>ciusdem</span> <span class='ocrx_word' id='word_1_289' title='bbox 571 3636 660 3705; x_wconf 85' lang='lat' dir='ltr'>palatii</span> <span class='ocrx_word' id='word_1_290' title='bbox 679 3636 873 3705; x_wconf 71' lang='lat' dir='ltr'>amplissimam,</span> <span class='ocrx_word' id='word_1_291' title='bbox 895 3637 935 3688; x_wconf 90' lang='lat' dir='ltr'><strong><em>cui</em></strong></span> <span class='ocrx_word' id='word_1_292' title='bbox 954 3635 1088 3704; x_wconf 71' lang='lat' dir='ltr'>buguntali</span> <span class='ocrx_word' id='word_1_293' title='bbox 1105 3653 1196 3691; x_wconf 78' lang='lat' dir='ltr'>nomen</span> 
     </span>
     <span class='ocr_line' id='line_1_34' title="bbox 100 3704 1197 3775; baseline 0.004 -19"><span class='ocrx_word' id='word_1_294' title='bbox 100 3713 157 3767; x_wconf 86' lang='lat' dir='ltr'>eet,</span> <span class='ocrx_word' id='word_1_295' title='bbox 175 3711 267 3773; x_wconf 77' lang='lat' dir='ltr'>rogat,</span> <span class='ocrx_word' id='word_1_296' title='bbox 285 3704 324 3755; x_wconf 90' lang='lat' dir='ltr'><strong><em>uti</em></strong></span> <span class='ocrx_word' id='word_1_297' title='bbox 342 3707 464 3774; x_wconf 78' lang='lat' dir='ltr'>precibus</span> <span class='ocrx_word' id='word_1_298' title='bbox 481 3707 578 3758; x_wconf 75' lang='lat' dir='ltr'>tamtan</span> <span class='ocrx_word' id='word_1_299' title='bbox 595 3706 792 3773; x_wconf 74' lang='lat' dir='ltr'>fortunamque</span> <span class='ocrx_word' id='word_1_300' title='bbox 809 3705 858 3758; x_wconf 81' lang='lat' dir='ltr'>eibi</span> <span class='ocrx_word' id='word_1_301' title='bbox 875 3704 976 3775; x_wconf 79' lang='lat' dir='ltr'>nuptiae</span> <span class='ocrx_word' id='word_1_302' title='bbox 994 3722 1010 3758; x_wconf 82' lang='lat' dir='ltr'>o</span> <span class='ocrx_word' id='word_1_303' title='bbox 1026 3705 1197 3760; x_wconf 82' lang='lat' dir='ltr'>benevolente</span> 
     </span>
     <span class='ocr_line' id='line_1_35' title="bbox 99 3772 1196 3856; baseline 0.005 -33"><span class='ocrx_word' id='word_1_304' title='bbox 99 3772 202 3826; x_wconf 84' lang='lat' dir='ltr'>numine</span> <span class='ocrx_word' id='word_1_305' title='bbox 228 3781 356 3843; x_wconf 83' lang='lat' dir='ltr'>precetur.</span> <span class='ocrx_word' id='word_1_306' title='bbox 391 3774 435 3826; x_wconf 86' lang='lat' dir='ltr'>ille</span> <span class='ocrx_word' id='word_1_307' title='bbox 458 3773 621 3843; x_wconf 83' lang='lat' dir='ltr'>imperatorie</span> <span class='ocrx_word' id='word_1_308' title='bbox 644 3776 800 3828; x_wconf 83' lang='lat' dir='ltr'>voluntatem</span> <span class='ocrx_word' id='word_1_309' title='bbox 823 3774 940 3827; x_wconf 79' lang='lat' dir='ltr'>officione</span> <span class='ocrx_word' id='word_1_310' title='bbox 964 3774 1112 3856; x_wconf 76' lang='lat' dir='ltr'>conplexu·</span> <span class='ocrx_word' id='word_1_311' title='bbox 1134 3785 1196 3828; x_wconf 87' lang='lat' dir='ltr'>vote</span> 
     </span>
     <span class='ocr_line' id='line_1_36' title="bbox 99 3841 1197 3913; baseline 0.005 -22"><span class='ocrx_word' id='word_1_312' title='bbox 99 3841 229 3910; x_wconf 74' lang='lat' dir='ltr'>concipit,</span> <span class='ocrx_word' id='word_1_313' title='bbox 254 3849 281 3894; x_wconf 86' lang='lat' dir='ltr'>et</span> <span class='ocrx_word' id='word_1_314' title='bbox 306 3843 440 3911; x_wconf 80' lang='lat' dir='ltr'>utriunque</span> <span class='ocrx_word' id='word_1_315' title='bbox 461 3844 621 3913; x_wconf 72' lang='lat' dir='ltr'>apprehensa</span> <span class='ocrx_word' id='word_1_316' title='bbox 638 3843 732 3897; x_wconf 80' lang='lat' dir='ltr'>(lextra</span> <span class='ocrx_word' id='word_1_317' title='bbox 750 3859 795 3896; x_wconf 75' lang='lat' dir='ltr'><strong><em>cor</em></strong></span> <span class='ocrx_word' id='word_1_318' title='bbox 812 3843 939 3896; x_wconf 84' lang='lat' dir='ltr'>connubio</span> <span class='ocrx_word' id='word_1_319' title='bbox 955 3842 1056 3910; x_wconf 70' lang='lat' dir='ltr'>iungat,</span> <span class='ocrx_word' id='word_1_320' title='bbox 1078 3843 1197 3912; x_wconf 71' lang='lat' dir='ltr'>coniugi·</span> 
     </span>
     <span class='ocr_line' id='line_1_37' title="bbox 99 3908 1197 3981; baseline 0.004 -20"><span class='ocrx_word' id='word_1_321' title='bbox 99 3908 199 3979; x_wconf 79' lang='lat' dir='ltr'>bneque</span> <span class='ocrx_word' id='word_1_322' title='bbox 216 3909 324 3980; x_wconf 87' lang='lat' dir='ltr'>optabili</span> <span class='ocrx_word' id='word_1_323' title='bbox 341 3911 423 3972; x_wconf 67' lang='lat' dir='ltr'>allatu</span> <span class='ocrx_word' id='word_1_324' title='bbox 442 3912 508 3965; x_wconf 86' lang='lat' dir='ltr'>boue</span> <span class='ocrx_word' id='word_1_325' title='bbox 526 3913 608 3965; x_wconf 89' lang='lat' dir='ltr'>omnia</span> <span class='ocrx_word' id='word_1_326' title='bbox 626 3929 643 3964; x_wconf 84' lang='lat' dir='ltr'>a</span> <span class='ocrx_word' id='word_1_327' title='bbox 660 3913 709 3965; x_wconf 86' lang='lat' dir='ltr'><strong><em>deo</em></strong></span> <span class='ocrx_word' id='word_1_328' title='bbox 727 3919 844 3981; x_wconf 83' lang='lat' dir='ltr'>exoptat,</span> <span class='ocrx_word' id='word_1_329' title='bbox 860 3912 987 3980; x_wconf 86' lang='lat' dir='ltr'>capitibua</span> <span class='ocrx_word' id='word_1_330' title='bbox 1004 3911 1132 3964; x_wconf 87' lang='lat' dir='ltr'>amborum</span> <span class='ocrx_word' id='word_1_331' title='bbox 1152 3930 1197 3965; x_wconf 90' lang='lat' dir='ltr'><strong><em>co-</em></strong></span> 
     </span>
     <span class='ocr_line' id='line_1_38' title="bbox 100 3977 1197 4050; baseline 0.004 -21"><span class='ocrx_word' id='word_1_332' title='bbox 100 3994 176 4031; x_wconf 85' lang='lat' dir='ltr'>ronae</span> <span class='ocrx_word' id='word_1_333' title='bbox 190 3977 315 4048; x_wconf 82' lang='lat' dir='ltr'>imponit,</span> <span class='ocrx_word' id='word_1_334' title='bbox 340 3979 511 4050; x_wconf 75' lang='lat' dir='ltr'>etmyatcriir</span> <span class='ocrx_word' id='word_1_335' title='bbox 528 3997 573 4034; x_wconf 82' lang='lat' dir='ltr'><strong><em>eoa</em></strong></span> <span class='ocrx_word' id='word_1_336' title='bbox 590 3980 630 4033; x_wconf 88' lang='lat' dir='ltr'>dei</span> <span class='ocrx_word' id='word_1_337' title='bbox 649 3980 823 4048; x_wconf 80' lang='lat' dir='ltr'>hominioque,</span> <span class='ocrx_word' id='word_1_338' title='bbox 846 3989 877 4032; x_wconf 91' lang='lat' dir='ltr'><strong><em>ut</em></strong></span> <span class='ocrx_word' id='word_1_339' title='bbox 900 3979 974 4033; x_wconf 85' lang='lat' dir='ltr'>nobir</span> <span class='ocrx_word' id='word_1_340' title='bbox 991 3977 1115 4037; x_wconf 68' lang='lat' dir='ltr'>sinceram</span> <span class='ocrx_word' id='word_1_341' title='bbox 1134 3997 1197 4033; x_wconf 87' lang='lat' dir='ltr'>ran·</span> 
     </span>
     <span class='ocr_line' id='line_1_39' title="bbox 100 4045 1198 4119; baseline 0.005 -21"><span class='ocrx_word' id='word_1_342' title='bbox 100 4045 289 4117; x_wconf 83' lang='lat' dir='ltr'>ctiarimamque</span> <span class='ocrx_word' id='word_1_343' title='bbox 312 4048 387 4102; x_wconf 83' lang='lat' dir='ltr'>fidem</span> <span class='ocrx_word' id='word_1_344' title='bbox 411 4049 555 4102; x_wconf 74' lang='lat' dir='ltr'>colentibus</span> <span class='ocrx_word' id='word_1_345' title='bbox 576 4048 635 4103; x_wconf 84' lang='lat' dir='ltr'>lieri</span> <span class='ocrx_word' id='word_1_346' title='bbox 659 4060 809 4102; x_wconf 84' lang='lat' dir='ltr'>oonauetom</span> <span class='ocrx_word' id='word_1_347' title='bbox 830 4056 885 4113; x_wconf 81' lang='lat' dir='ltr'>eat,</span> <span class='ocrx_word' id='word_1_348' title='bbox 915 4048 1037 4116; x_wconf 85' lang='lat' dir='ltr'>impertit.</span> <span class='ocrx_word' id='word_1_349' title='bbox 1068 4048 1198 4119; x_wconf 84' lang='lat' dir='ltr'>portlmcc</span> 
     </span>
     <span class='ocr_line' id='line_1_40' title="bbox 101 4114 1197 4188; baseline 0.005 -21"><span class='ocrx_word' id='word_1_350' title='bbox 101 4114 248 4170; x_wconf 83' lang='lat' dir='ltr'>clarimimia</span> <span class='ocrx_word' id='word_1_351' title='bbox 272 4115 412 4170; x_wconf 70' lang='lat' dir='ltr'>bonoribus</span> <span class='ocrx_word' id='word_1_352' title='bbox 433 4117 589 4182; x_wconf 82' lang='lat' dir='ltr'>eminenter,</span> <span class='ocrx_word' id='word_1_353' title='bbox 615 4135 679 4188; x_wconf 83' lang='lat' dir='ltr'>quos</span> <span class='ocrx_word' id='word_1_354' title='bbox 700 4119 734 4170; x_wconf 86' lang='lat' dir='ltr'>im</span> <span class='ocrx_word' id='word_1_355' title='bbox 754 4127 844 4171; x_wconf 81' lang='lat' dir='ltr'>erutor</span> <span class='ocrx_word' id='word_1_356' title='bbox 861 4125 999 4188; x_wconf 85' lang='lat' dir='ltr'>parentum</span> <span class='ocrx_word' id='word_1_357' title='bbox 1024 4117 1197 4187; x_wconf 71' lang='lat' dir='ltr'>appellatione</span> 
     </span>
     <span class='ocr_line' id='line_1_41' title="bbox 102 4183 1198 4256; baseline 0.004 -21"><span class='ocrx_word' id='word_1_358' title='bbox 102 4183 256 4252; x_wconf 74' lang='lat' dir='ltr'>dignabatur</span> <span class='ocrx_word' id='word_1_359' title='bbox 282 4185 348 4256; x_wconf 89' lang='lat' dir='ltr'>(qui</span> <span class='ocrx_word' id='word_1_360' title='bbox 372 4187 472 4240; x_wconf 74' lang='lat' dir='ltr'>scillcet</span> <span class='ocrx_word' id='word_1_361' title='bbox 497 4186 700 4240; x_wconf 81' lang='lat' dir='ltr'>benevolentiam</span> <span class='ocrx_word' id='word_1_362' title='bbox 717 4187 755 4238; x_wconf 88' lang='lat' dir='ltr'><strong><em>ili</em></strong></span> <span class='ocrx_word' id='word_1_363' title='bbox 771 4203 931 4255; x_wconf 84' lang='lat' dir='ltr'>amoremque</span> <span class='ocrx_word' id='word_1_364' title='bbox 949 4185 1061 4256; x_wconf 73' lang='lat' dir='ltr'>patrium</span> <span class='ocrx_word' id='word_1_365' title='bbox 1078 4194 1198 4256; x_wconf 79' lang='lat' dir='ltr'>praecta-</span> 
     </span>
    </p>
   </div>
   <div class='ocr_carea' id='block_1_4' title="bbox 101 4254 1195 4376">
    <p class='ocr_par' dir='ltr' id='par_1_5' title="bbox 101 4254 1195 4376">
     <span class='ocr_line' id='line_1_42' title="bbox 101 4254 1195 4376; baseline 0.004 -72"><span class='ocrx_word' id='word_1_366' title='bbox 101 4255 178 4320; x_wconf 83' lang='lat' dir='ltr'>rrnt)</span> <span class='ocrx_word' id='word_1_367' title='bbox 204 4254 296 4314; x_wconf 61' lang='lat' dir='ltr'>enegio</span> <span class='ocrx_word' id='word_1_368' title='bbox 320 4257 423 4376; x_wconf 56' lang='lat' dir='ltr'>golein</span> <span class='ocrx_word' id='word_1_369' title='bbox 445 4255 589 4309; x_wconf 81' lang='lat' dir='ltr'>cubiculum</span> <span class='ocrx_word' id='word_1_370' title='bbox 614 4255 785 4310; x_wconf 85' lang='lat' dir='ltr'>deduxerunt.</span> <span class='ocrx_word' id='word_1_371' title='bbox 820 4254 847 4308; x_wconf 88' lang='lat' dir='ltr'><strong><em>bl</em></strong></span> <span class='ocrx_word' id='word_1_372' title='bbox 863 4254 969 4309; x_wconf 80' lang='lat' dir='ltr'>cundem</span> <span class='ocrx_word' id='word_1_373' title='bbox 986 4262 1015 4307; x_wconf 88' lang='lat' dir='ltr'>ct</span> <span class='ocrx_word' id='word_1_374' title='bbox 1030 4271 1150 4325; x_wconf 78' lang='lat' dir='ltr'>epnnrun</span> <span class='ocrx_word' id='word_1_375' title='bbox 1166 4262 1195 4308; x_wconf 89' lang='lat' dir='ltr'>et</span> 
     </span>
    </p>
   </div>
   <div class='ocr_carea' id='block_1_5' title="bbox 102 4319 1193 4396">
    <p class='ocr_par' dir='ltr' id='par_1_6' title="bbox 102 4319 1193 4396">
     <span class='ocr_line' id='line_1_43' title="bbox 102 4319 1193 4396; baseline 0.005 -23"><span class='ocrx_word' id='word_1_376' title='bbox 102 4319 237 4377; x_wconf 77' lang='lat' dir='ltr'>(inermem</span> <span class='ocrx_word' id='word_1_377' title='bbox 255 4339 319 4394; x_wconf 79' lang='lat' dir='ltr'>noga</span> <span class='ocrx_word' id='word_1_378' title='bbox 354 4324 474 4379; x_wconf 65' lang='lat' dir='ltr'>nt&#39;bonia</span> <span class='ocrx_word' id='word_1_379' title='bbox 492 4323 613 4396; x_wconf 84' lang='lat' dir='ltr'>pracibm</span> <span class='ocrx_word' id='word_1_380' title='bbox 630 4325 813 4390; x_wconf 80' lang='lat' dir='ltr'>veluemcotcr,</span> <span class='ocrx_word' id='word_1_381' title='bbox 834 4331 864 4378; x_wconf 91' lang='lat' dir='ltr'><strong><em>ut</em></strong></span> <span class='ocrx_word' id='word_1_382' title='bbox 885 4324 920 4378; x_wconf 79' lang='lat' dir='ltr'><strong><em>ccl</em></strong></span> <span class='ocrx_word' id='word_1_383' title='bbox 943 4323 1086 4396; x_wconf 80' lang='lat' dir='ltr'>propylaea</span> <span class='ocrx_word' id='word_1_384' title='bbox 1102 4324 1193 4395; x_wconf 86' lang='lat' dir='ltr'>palatii</span> 
     </span>
    </p>
   </div>
   <div class='ocr_carea' id='block_1_6' title="bbox 1257 997 1307 1052">
    <p class='ocr_par' dir='ltr' id='par_1_7' title="bbox 1257 997 1307 1052">
     <span class='ocr_line' id='line_1_44' title="bbox 1257 997 1307 1052; baseline 0 0"><span class='ocrx_word' id='word_1_385' title='bbox 1257 997 1307 1052; x_wconf 74' lang='lat' dir='ltr'>tto</span> 
     </span>
    </p>
   </div>
   <div class='ocr_carea' id='block_1_7' title="bbox 0 0 1420 4742">
    <p class='ocr_par' dir='ltr' id='par_1_8' title="bbox 0 0 1420 4742">
     <span class='ocr_line' id='line_1_45' title="bbox 0 0 1420 4742; baseline 0 0"><span class='ocrx_word' id='word_1_386' title='bbox 0 0 1420 4742; x_wconf 95' lang='lat' dir='ltr'><strong><em> </em></strong></span> 
     </span>
    </p>
   </div>
  </div>
 </body>
</html>
