2817 4742
390 302 683 374 HISTORIARUM
701 304 779 374 vn.
806 308 837 377 1.
866 308 901 375 2.
1117 307 1190 380 271

80 486 188 563 χεῖρα
213 476 268 542 καί
289 501 361 550 τινα
385 482 554 559 βασιλικῶν
574 472 797 560 θεσπισμάτων
825 488 892 553 τοῖς
916 478 1073 560 πολεμίοις
1092 476 1195 563 δχλοις

85 581 302 661 συνοίσοντα,
326 578 413 665 ήξίου
429 586 530 647 ταῦτα
543 580 667 668 έμφονῆ
679 586 718 667 τῇ
731 577 884 666 Ῥωμαῦιῇ
898 582 1097 665 δημοσιεῦσαι
1113 587 1194 667 πλη-

84 680 169 753 θύῖ.
221 682 251 749 oi
273 684 330 766 ple
348 676 403 750 οῦν
423 681 567 766 Ῥωμαῖοι
585 684 747 768 ἐκκλησίαν
767 680 999 769 ποιήσοντεςίς
1014 686 1192 769 Μαυρίκιον

85 784 331 874 ἐβλασφήμουν,
357 783 374 853 δ
388 788 422 853 δέ
434 787 627 873 πολέμαρχος
639 787 755 853 συνέσει
768 790 817 851 κοιλ
830 792 938 853 πειθοῖ
946 786 1003 871 τήν
1015 794 1078 852 τῶν
1092 795 1232 874 orco-‚D
1344 828 1351 838 ι

55 890 237 956 ὅτοπίδων
257 887 446 967 καττυνάσας
467 889 560 977 ἀργήν
587 889 646 966 τάς
669 889 857 975 ἶλαρωτέρας
881 894 944 955 τῶν
963 896 1018 954 τοῦ
1041 890 1195 971 βασιλέως

85 993 266 1058 ἐπιστολῶν
279 1003 343 1070 τοῖς
357 990 495 1071 ἀνόπλοις
510 994 680 1075 έστηλίτευε
696 990 815 1077 δήμοις.
869 982 908 1076 ήν
922 992 957 1057 δὲ
972 990 1011 1057 τά
1023 994 1193 1077 φιλοτίμως

85 1095 127 1159 ἓν
152 1095 262 1171 αάταΐς
284 1094 481 1182 περιεχόμενα
504 1094 579 1161 τάδε
586 1144 597 1175 ,
624 1096 698 1171 τούς
719 1091 936 1183 ἀριστεύοντας
955 1100 1018 1161 τῶν
1030 1091 1190 1176 Ῥωμαίων

85 1200 148 1263 καὶ
160 1199 195 1264 ἐκ
206 1203 263 1281 τῆς
275 1205 337 1265 τῶν
351 1197 499 1266 κινδύνων
510 1200 743 1285 μεγαλοψυχίας
755 1194 1021 1284 περιπεπτωκότας
1034 1200 1094 1262 recl
1109 1223 1191 1278 συμ-

85 1312 210 1388 φοραῖς
233 1300 310 1385 ἴχειν
332 1301 395 1368 ἀπδ
418 1310 475 1368 τοῦ
500 1308 608 1371 λοιποῦ
634 1302 691 1385 τήν
719 1299 921 1381 ἀνάπαυλαν,
947 1296 1079 1376 τούτους
1100 1302 1135 1365 δέ
1155 1302 1189 1366 έν

41 1410 79 1463 10
87 1414 164 1480 τοιΐς
186 1399 307 1469 πόλεσιν
329 1403 511 1489 ἀπομάχους
521 1400 698 1490 πεφυκότας
713 1406 882 1483 σιτίζεσθαι
897 1398 1050 1477 δαπάναις
1064 1408 1190 1482 βασιλι-

85 1516 180 1584 καῖς,
207 1507 281 1581 τούς
297 1508 332 1571 δὲ
345 1510 459 1583 παῖδας
475 1512 538 1573 τῶν
552 1506 826 1592 στρατευσαμένων
838 1509 889 1572 καλ
902 1507 935 1572 ἓν
950 1504 1094 1586 πολέμοις
1108 1504 1189 1571 ἀπο-

83 1605 250 1689 βαλόντας
269 1600 343 1685 roric
361 1606 522 1695 φύσαντας
539 1608 608 1673 ἀντὶ
628 1616 691 1675 τῶν
714 1605 862 1675 τεκόντων
883 1604 1091 1693 λγγράφισθαι
1110 1607 1190 1692 πρὸς

84 1711 147 1776 τάν
172 1708 315 1791 πόλεμον.
366 1718 467 1778 ταῦτα
491 1718 655 1795 τοιγαροῦν
670 1712 720 1774 lul
733 1708 884 1791 βημάτων
896 1716 986 1775 τινῶν
1000 1706 1132 1791 ῦφηλῶν
1149 1706 1185 1774 τδ

85 1810 246 1879 ἀπλιτικδν
258 1811 461 1895 ἐκκλησιάσας
477 1812 640 1896 ἐπέστρεφε
653 1817 798 1886 πιθανῶς
811 1834 844 1877 τι
859 1807 1055 1877 κατεδούλου.
1095 1809 1186 1875 ἔνθεν

45 1918 143 1979 15καλ
154 1912 330 1995 μεταβολήν
345 1913 385 1978 τά
398 1920 455 1995 τῆς
465 1912 554 1989 ἀνίας
568 1910 722 1994 ἐλάμβανε
730 1962 740 1991 ,
768 1916 819 1977 καὶ
839 1913 918 1999 πρδς
931 1912 988 1997 τήν
1005 1914 1036 1990 lg
1052 1912 1186 1998 Μαυρί-

84 2042 157 2082 κιον
176 2015 296 2083 εῦνοιον
319 2015 374 2081 τδν
392 2011 608 2100 αὐτοκράτορα
625 2013 709 2091 ἀπος
722 2015 898 2101 ίτέτραπτο.
947 2022 1111 2101 τοιγαροῦν
1128 2042 1187 2081 κο-

84 2128 273 2206 ττυφημεῖτο
294 2114 452 2204 δΚαῖσαρ
461 2167 472 2198 ,
492 2124 555 2183 τῶν
573 2116 633 2199 πρὸ
646 2124 757 2201 μικροῦ
774 2116 998 2201 ἀπολελυμένος
1014 2120 1186 2200 διαβολῶν·

84 2223 124 2287 τδ
144 2222 205 2305 γάρ
221 2226 345 2304 πλῆθος
364 2220 513 2305 ἀβέβαιον
526 2218 561 2285 δν
578 2227 732 2304 σταθμῶν
752 2221 898 2303 οὐδαμῶς
910 2222 1088 2310 ἐπιβέβηκε,
1115 2231 1184 2299 ταῖς
1200 2232 1224 2287 P
1242 2234 1292 2290 161

86 2324 122 2389 ἔκ
144 2329 202 2389 τοῦ
224 2320 417 2408 παρήκοντος
436 2324 582 2410 ίκφοροῒς
601 2320 896 2410 μεταμορφούμενοι
912 2326 976 2413 εἰκῇ
992 2320 1098 2401 καλῶς
1113 2323 1184 2389 ἴτυ-

46 2435 81 2489 20
86 2453 150 2509 χεν.
191 2424 273 2493 οῦτω
285 2427 341 2507 μὲν
356 2420 411 2491 οῦν
425 2424 442 2493 ό
456 2427 627 2511 στρατηγός
640 2428 687 2491 ἐπὶ
704 2438 769 2503 τοῖς
782 2434 930 2514 λυπηροῖς
941 2426 1020 2512 πρὸς
1036 2427 1072 2493 od
1086 2451 1185 2512 στρα-

86 2528 218 2596 τόπεδον
237 2525 415 2595 διελύσατο·
465 2528 534 2618 (2)
559 2526 691 2614 τετάρτη
712 2532 745 2595 δὲ
759 2526 858 2616 ήμίρα
865 2554 886 2612 ,’
900 2532 950 2595 καλ
966 2537 1010 2617 τῷ
1025 2526 1180 2617 αῦτοκρά-
1196 2541 1221 2597 Β

84 2657 157 2719 τορι
180 2632 223 2697 cd
241 2634 311 2716 περὶ
329 2637 387 2715 τῆς
406 2627 544 2707 στάσεως
564 2639 627 2697 τῶν
648 2629 808 2715 δυνάμεων
826 2628 1021 2718 κατεμήνυεν.
1052 2632 1183 2698 ’ἀπολι-

86 2733 155 2801 πῶν
168 2759 202 2801 τι
217 2734 274 2818 τὴν
284 2733 438 2819 Ὀδησσόν
453 2736 501 2799 ἐπὶ
514 2735 554 2800 τά
573 2731 716 2817 εάῶνυμα
730 2742 791 2801 τῶν
805 2720 917 2819 χώρων
929 2742 1113 2825 μεταφοιτξλ,
1140 2741 1182 2822 τῇ

87 2860 120 2901 τε
144 2842 332 2923 Μαρτιανοῦ
352 2834 568 2922 συγγενόμενος
587 2834 673 2902 πόλει
683 2842 801 2918 χιλίους
815 2837 958 2923 προθίεεν
974 2843 1031 2900 τοῦ
1045 2860 1181 2921 στρατο·

51 2938 182 3006 &uideo
195 2938 374 3027 προσέταξε.
411 2940 463 3003 καὶ
479 2931 535 3003 οῦν
550 2934 781 3024 ἐντυγχάνουσιν
795 2928 880 3006 οῦτοι
893 2936 1061 3017 ἑξακοσίοις
1074 2944 1178 3005 Suio-

87 3169 192 3226 litudiui
214 3171 364 3241 protutura,
388 3169 540 3226 eudemum
562 3168 716 3242 publicanda
732 3175 829 3225 reuret.
863 3171 971 3227 Romani
987 3172 1015 3228 iu
1031 3172 1177 3229 concionem

86 3240 269 3295 ooureuieuter
286 3240 439 3294 Mauricium
455 3243 591 3296 verborum
608 3241 767 3295 coutumeliia
783 3242 908 3295 laceram
943 3260 1049 3313 quoram
1072 3243 1177 3296 iruouu·

87 3308 153 3364 diam
169 3309 309 3381 prudentia
324 3318 353 3365 et
368 3309 396 3362 ri
411 3308 520 3378 quadan
537 3309 706 3379 peraoadeodi
718 3310 838 3379 mitigant
855 3310 915 3373 dua,
930 3311 1038 3365 laetiore
1055 3310 1082 3363 iu
1099 3328 1177 3380 uper·

87 3381 138 3433 tum
164 3380 279 3449 profert,
304 3395 372 3449 quoe
394 3379 496 3449 quidem
513 3380 577 3432 hoec
594 3378 727 3447 magnifice
743 3380 986 3461 complectebantur.
1019 3380 1105 3449 placet
1121 3380 1178 3433 llo-

88 3461 172 3500 ιειιοι
195 3448 298 3501 fortiter
314 3446 465 3502 diuioeuter
482 3455 511 3502 et
527 3464 559 3501 ex
575 3447 752 3515 magnitudine
768 3449 845 3500 auaui
861 3446 895 3500 ad
913 3448 1027 3519 pericula
1042 3450 1177 3502 subeunde

87 3511 114 3565 iu
135 3515 305 3569 calamitatem
326 3516 447 3586 delaproa
469 3516 503 3570 de
523 3522 626 3570 caetero
643 3517 804 3587 vocatiouem!
819 3516 930 3586 habere,
955 3533 1050 3587 eoaque
1068 3516 1177 3587 expedi·-

87 3582 180 3636 liouom
203 3584 334 3668 immuuea·
346 3602 403 3667 per·
415 3585 538 3655 civitatee
552 3584 705 3669 ‘sumptibur‘
729 3586 902 3668 imperatoriir
929 3586 1081 3671 opateutori.
1107 3586 1177 3667 tilica
1208 3622 1216 3637 e

87 3661 336 3776 lltllddl
352 3653 1177 3791 'll‘fflttl,llltllzllllillidit-llllll!

87 3792 153 3845 cruit
176 3796 206 3844 et
226 3790 404 3861 perruadeudo
425 3792 519 3860 fregit,
545 3807 711 3861 moeroreque
727 3794 819 3861 fugato
836 3793 1009 3863 uuusquirque
1025 3789 1175 3860 imperatori

87 3855 213 3923 Mauricio
227 3860 336 3914 enimam
353 3858 475 3917 reddidit.
507 3860 616 3931 proiude
631 3861 762 3917 calumnii·
786 3862 863 3931 poulo
882 3869 942 3915 ante
959 3860 1061 3913 iactatis
1078 3860 1174 3913 libera-

87 3933 134 3982 tum
151 3945 239 3982 omuce
255 3929 377 3987 laudibus
393 3929 517 3993 evehere,
534 3929 669 3984 multitudo
685 3930 813 3999 siquidem
829 3929 956 4002 instabilis
972 3934 1025 3993 eet,
1042 3936 1069 3981 et
1081 3944 1097 3979 a
1108 3946 1173 3998 quo·

84 3993 147 4050 libet
161 3997 259 4067 impetu
277 4015 307 4051 ra
323 3998 420 4052 auferri
437 3998 550 4068 patitur,
574 4004 721 4068 temereque
745 4006 773 4051 et
795 3998 904 4053 fortuito
921 3997 985 4050 eliae
1002 3996 1173 4065 cogitationen

88 4061 172 4120 iuduit.
205 4066 245 4120 ita
267 4066 319 4119 dux
336 4068 480 4123 mandatum
497 4068 612 4122 odiorum
630 4068 795 4138 comprimens
815 4069 849 4121 ob
866 4067 981 4119 exercitu
998 4068 1105 4135 gratiam
1123 4067 1172 4119 ini·

88 4132 129 4187 rit.
164 4135 224 4205 (2)
248 4144 342 4205 quarto
366 4136 408 4190 die
427 4138 607 4207 imperatorem
630 4136 663 4189 de
686 4136 813 4189 reditione
837 4134 970 4189 certiorem
988 4134 1069 4200 lecit,
1093 4154 1172 4189 exce·

89 4197 196 4281 ligurque
219 4204 320 4259 Odeaao
341 4204 369 4258 iu
393 4206 492 4259 laevom
516 4204 630 4275 regionis
647 4206 714 4259 viom
732 4205 831 4269 flectit,
853 4211 881 4256 et
898 4202 1105 4275 Marcianopolim
1123 4223 1169 4258 ve·

89 4280 153 4323 meur
171 4273 239 4328 mille
255 4273 289 4327 de
305 4274 358 4330 ruia
372 4274 514 4329 exercitum
530 4291 700 4345 praecurrere
722 4274 804 4329 iubet.
837 4272 882 4344 qui
898 4272 925 4328 iu
940 4283 1076 4330 sexcentos
1093 4274 1168 4329 soe·
