<?xml version="1.0" encoding="UTF-8"?>
<!DOCTYPE html PUBLIC "-//W3C//DTD XHTML 1.0 Transitional//EN"
    "http://www.w3.org/TR/xhtml1/DTD/xhtml1-transitional.dtd">
<html xmlns="http://www.w3.org/1999/xhtml" xml:lang="en" lang="en">
 <head>
  <title>
</title>
<meta http-equiv="Content-Type" content="text/html;charset=utf-8" />
  <meta name='ocr-system' content='tesseract 3.04.00' />
  <meta name='ocr-capabilities' content='ocr_page ocr_carea ocr_par ocr_line ocrx_word'/>
</head>
<body>
  <div class='ocr_page' id='page_1' title='image "./corpusscriptoru51theogoog/corpusscriptoru51theogoog_0014.png"; bbox 0 0 2817 4742; ppageno 0'>
   <div class='ocr_carea' id='block_1_1' title="bbox 172 323 966 396">
    <p class='ocr_par' dir='ltr' id='par_1_1' title="bbox 172 323 966 396">
     <span class='ocr_line' id='line_1_1' title="bbox 172 323 966 396; baseline 0.005 -4"><span class='ocrx_word' id='word_1_1' title='bbox 172 350 236 392; x_wconf 78' lang='lat' dir='ltr'><strong>vrrr</strong></span> <span class='ocrx_word' id='word_1_2' title='bbox 466 324 491 392; x_wconf 85' lang='lat' dir='ltr'><strong>l.</strong></span> <span class='ocrx_word' id='word_1_3' title='bbox 518 323 702 395; x_wconf 80' lang='lat' dir='ltr'><strong>PONTANI</strong></span> <span class='ocrx_word' id='word_1_4' title='bbox 724 323 966 396; x_wconf 69' lang='lat' dir='ltr'><strong>DEDIGATIO.</strong></span> 
     </span>
    </p>
   </div>
   <div class='ocr_carea' id='block_1_2' title="bbox 169 497 1273 1600">
    <p class='ocr_par' dir='ltr' id='par_1_2' title="bbox 169 497 1273 1282">
     <span class='ocr_line' id='line_1_2' title="bbox 169 497 1271 586; baseline 0 -24"><span class='ocrx_word' id='word_1_5' title='bbox 169 499 392 564; x_wconf 87' lang='lat' dir='ltr'><strong>immanissime</strong></span> <span class='ocrx_word' id='word_1_6' title='bbox 420 501 604 568; x_wconf 77' lang='lat' dir='ltr'><strong>avulserunt.</strong></span> <span class='ocrx_word' id='word_1_7' title='bbox 662 497 744 586; x_wconf 87' lang='lat' dir='ltr'><strong>qnod</strong></span> <span class='ocrx_word' id='word_1_8' title='bbox 766 509 800 561; x_wconf 88' lang='lat' dir='ltr'><strong>ut</strong></span> <span class='ocrx_word' id='word_1_9' title='bbox 819 511 938 581; x_wconf 82' lang='lat' dir='ltr'><strong>gestum</strong></span> <span class='ocrx_word' id='word_1_10' title='bbox 961 497 1017 578; x_wconf 90' lang='lat' dir='ltr'><strong>sit,</strong></span> <span class='ocrx_word' id='word_1_11' title='bbox 1051 521 1070 560; x_wconf 83' lang='lat' dir='ltr'><strong>a</strong></span> <span class='ocrx_word' id='word_1_12' title='bbox 1090 497 1271 564; x_wconf 77' lang='lat' dir='ltr'><strong>Psoron-</strong></span> 
     </span>
     <span class='ocr_line' id='line_1_3' title="bbox 172 599 1272 692; baseline -0.004 -24"><span class='ocrx_word' id='word_1_13' title='bbox 172 625 304 668; x_wconf 77' lang='lat' dir='ltr'><strong>srraruo</strong></span> <span class='ocrx_word' id='word_1_14' title='bbox 328 614 448 683; x_wconf 88' lang='lat' dir='ltr'><strong>nostro,</strong></span> <span class='ocrx_word' id='word_1_15' title='bbox 482 603 534 690; x_wconf 87' lang='lat' dir='ltr'><strong>qui</strong></span> <span class='ocrx_word' id='word_1_16' title='bbox 563 622 707 692; x_wconf 87' lang='lat' dir='ltr'><strong>praesens</strong></span> <span class='ocrx_word' id='word_1_17' title='bbox 727 602 879 682; x_wconf 87' lang='lat' dir='ltr'><strong>interluit,</strong></span> <span class='ocrx_word' id='word_1_18' title='bbox 909 599 1143 684; x_wconf 79' lang='lat' dir='ltr'><strong>diligentissIme</strong></span> <span class='ocrx_word' id='word_1_19' title='bbox 1171 601 1272 665; x_wconf 88' lang='lat' dir='ltr'><strong>etad</strong></span> 
     </span>
     <span class='ocr_line' id='line_1_4' title="bbox 170 704 1272 792; baseline -0.003 -22"><span class='ocrx_word' id='word_1_20' title='bbox 170 705 263 770; x_wconf 84' lang='lat' dir='ltr'><strong>fidem</strong></span> <span class='ocrx_word' id='word_1_21' title='bbox 276 705 588 771; x_wconf 74' lang='lat' dir='ltr'><strong>accommodatissime</strong></span> <span class='ocrx_word' id='word_1_22' title='bbox 601 704 786 792; x_wconf 85' lang='lat' dir='ltr'><strong>descriptum</strong></span> <span class='ocrx_word' id='word_1_23' title='bbox 800 705 985 771; x_wconf 79' lang='lat' dir='ltr'><strong>invenimus.</strong></span> <span class='ocrx_word' id='word_1_24' title='bbox 1024 705 1057 768; x_wconf 93' lang='lat' dir='ltr'><strong>in</strong></span> <span class='ocrx_word' id='word_1_25' title='bbox 1077 717 1200 790; x_wconf 89' lang='lat' dir='ltr'><strong>utraque</strong></span> <span class='ocrx_word' id='word_1_26' title='bbox 1215 704 1272 767; x_wconf 92' lang='lat' dir='ltr'><strong>hi-</strong></span> 
     </span>
     <span class='ocr_line' id='line_1_5' title="bbox 171 807 1273 898; baseline -0.002 -26"><span class='ocrx_word' id='word_1_27' title='bbox 171 809 280 889; x_wconf 87' lang='lat' dir='ltr'><strong>storia,</strong></span> <span class='ocrx_word' id='word_1_28' title='bbox 305 822 337 873; x_wconf 91' lang='lat' dir='ltr'><strong>ut</strong></span> <span class='ocrx_word' id='word_1_29' title='bbox 350 813 408 872; x_wconf 90' lang='lat' dir='ltr'><strong>hoc</strong></span> <span class='ocrx_word' id='word_1_30' title='bbox 427 811 497 873; x_wconf 89' lang='lat' dir='ltr'><strong>loco</strong></span> <span class='ocrx_word' id='word_1_31' title='bbox 517 808 555 872; x_wconf 87' lang='lat' dir='ltr'><strong>ad</strong></span> <span class='ocrx_word' id='word_1_32' title='bbox 570 810 689 871; x_wconf 90' lang='lat' dir='ltr'><strong>illarum</strong></span> <span class='ocrx_word' id='word_1_33' title='bbox 710 807 1008 873; x_wconf 85' lang='lat' dir='ltr'><strong>commendationem</strong></span> <span class='ocrx_word' id='word_1_34' title='bbox 1020 808 1096 871; x_wconf 86' lang='lat' dir='ltr'><strong>nihil</strong></span> <span class='ocrx_word' id='word_1_35' title='bbox 1111 819 1273 898; x_wconf 86' lang='lat' dir='ltr'><strong>praeterea</strong></span> 
     </span>
     <span class='ocr_line' id='line_1_6' title="bbox 172 910 1273 998; baseline -0.002 -24"><span class='ocrx_word' id='word_1_36' title='bbox 172 933 303 998; x_wconf 89' lang='lat' dir='ltr'><strong>ponam,</strong></span> <span class='ocrx_word' id='word_1_37' title='bbox 330 935 482 977; x_wconf 89' lang='lat' dir='ltr'><strong>summam</strong></span> <span class='ocrx_word' id='word_1_38' title='bbox 500 933 602 976; x_wconf 88' lang='lat' dir='ltr'><strong>rerum</strong></span> <span class='ocrx_word' id='word_1_39' title='bbox 621 913 823 974; x_wconf 87' lang='lat' dir='ltr'><strong>hurnnnarum</strong></span> <span class='ocrx_word' id='word_1_40' title='bbox 838 911 1040 974; x_wconf 77' lang='lat' dir='ltr'><strong>mobilitatem</strong></span> <span class='ocrx_word' id='word_1_41' title='bbox 1063 930 1099 973; x_wconf 87' lang='lat' dir='ltr'><strong>ac</strong></span> <span class='ocrx_word' id='word_1_42' title='bbox 1113 910 1273 977; x_wconf 81' lang='lat' dir='ltr'><strong>vicissitu-</strong></span> 
     </span>
     <span class='ocr_line' id='line_1_7' title="bbox 173 1012 1273 1103; baseline 0.001 -27"><span class='ocrx_word' id='word_1_43' title='bbox 173 1013 295 1097; x_wconf 89' lang='lat' dir='ltr'><strong>dinem,</strong></span> <span class='ocrx_word' id='word_1_44' title='bbox 331 1028 361 1080; x_wconf 91' lang='lat' dir='ltr'><strong>et</strong></span> <span class='ocrx_word' id='word_1_45' title='bbox 381 1015 462 1103; x_wconf 88' lang='lat' dir='ltr'><strong>quod</strong></span> <span class='ocrx_word' id='word_1_46' title='bbox 484 1026 531 1080; x_wconf 88' lang='lat' dir='ltr'><strong>nst</strong></span> <span class='ocrx_word' id='word_1_47' title='bbox 554 1012 635 1100; x_wconf 90' lang='lat' dir='ltr'><strong>apud</strong></span> <span class='ocrx_word' id='word_1_48' title='bbox 663 1013 823 1094; x_wconf 80' lang='lat' dir='ltr'><strong>Flaccum,</strong></span> <span class='ocrx_word' id='word_1_49' title='bbox 857 1014 907 1077; x_wconf 91' lang='lat' dir='ltr'><strong>hic</strong></span> <span class='ocrx_word' id='word_1_50' title='bbox 937 1015 1129 1102; x_wconf 71' lang='lat' dir='ltr'><strong>apertissime</strong></span> <span class='ocrx_word' id='word_1_51' title='bbox 1155 1013 1273 1077; x_wconf 87' lang='lat' dir='ltr'><strong>intueri</strong></span> 
     </span>
     <span class='ocr_line' id='line_1_8' title="bbox 172 1117 695 1198; baseline -0.006 -19"><span class='ocrx_word' id='word_1_52' title='bbox 172 1117 257 1181; x_wconf 91' lang='lat' dir='ltr'><strong>licet:</strong></span> <span class='ocrx_word' id='word_1_53' title='bbox 691 1189 695 1198; x_wconf 16' lang='grc' dir='ltr'><em>ῃ</em></span> 
     </span>
     <span class='ocr_line' id='line_1_9' title="bbox 429 1221 844 1282; baseline 0.002 -2"><span class='ocrx_word' id='word_1_54' title='bbox 429 1256 466 1266; x_wconf 88' lang='grc'><strong>-</strong></span> <span class='ocrx_word' id='word_1_55' title='bbox 517 1221 598 1282; x_wconf 78' lang='lat' dir='ltr'><strong>volet</strong></span> <span class='ocrx_word' id='word_1_56' title='bbox 625 1243 689 1282; x_wconf 79' lang='lat' dir='ltr'><strong>imo</strong></span> <span class='ocrx_word' id='word_1_57' title='bbox 716 1225 844 1281; x_wconf 63' lang='lat' dir='ltr'><strong>summes</strong></span> 
     </span>
    </p>

    <p class='ocr_par' dir='ltr' id='par_1_3' title="bbox 378 1324 1029 1405">
     <span class='ocr_line' id='line_1_10' title="bbox 378 1324 1029 1405; baseline -0.005 -18"><span class='ocrx_word' id='word_1_58' title='bbox 378 1327 528 1398; x_wconf 81' lang='lat' dir='ltr'><strong>Mutare,</strong></span> <span class='ocrx_word' id='word_1_59' title='bbox 557 1337 586 1384; x_wconf 82' lang='lat' dir='ltr'><strong>at</strong></span> <span class='ocrx_word' id='word_1_60' title='bbox 607 1327 757 1405; x_wconf 78' lang='lat' dir='ltr'><strong>insignem</strong></span> <span class='ocrx_word' id='word_1_61' title='bbox 779 1335 919 1385; x_wconf 79' lang='lat' dir='ltr'><strong>attenuat</strong></span> <span class='ocrx_word' id='word_1_62' title='bbox 941 1324 1029 1400; x_wconf 76' lang='lat' dir='ltr'><strong>deus,</strong></span> 
     </span>
    </p>

    <p class='ocr_par' dir='ltr' id='par_1_4' title="bbox 385 1427 1050 1508">
     <span class='ocr_line' id='line_1_11' title="bbox 385 1427 1050 1508; baseline -0.003 -19"><span class='ocrx_word' id='word_1_63' title='bbox 385 1427 520 1489; x_wconf 77' lang='lat' dir='ltr'><strong>Obscura</strong></span> <span class='ocrx_word' id='word_1_64' title='bbox 537 1449 688 1508; x_wconf 73' lang='lat' dir='ltr'><strong>prensens.</strong></span> <span class='ocrx_word' id='word_1_65' title='bbox 739 1428 790 1488; x_wconf 79' lang='lat' dir='ltr'><strong>hic</strong></span> <span class='ocrx_word' id='word_1_66' title='bbox 813 1431 929 1508; x_wconf 81' lang='lat' dir='ltr'><strong>npr’cem</strong></span> <span class='ocrx_word' id='word_1_67' title='bbox 952 1449 1050 1508; x_wconf 73' lang='lat' dir='ltr'><strong>sopor</strong></span> 
     </span>
    </p>

    <p class='ocr_par' dir='ltr' id='par_1_5' title="bbox 383 1530 866 1600">
     <span class='ocr_line' id='line_1_12' title="bbox 383 1530 866 1600; baseline 0.002 -10"><span class='ocrx_word' id='word_1_68' title='bbox 383 1533 520 1600; x_wconf 76' lang='lat' dir='ltr'><strong>Fortuna</strong></span> <span class='ocrx_word' id='word_1_69' title='bbox 540 1553 610 1590; x_wconf 87' lang='lat' dir='ltr'><strong>cum</strong></span> <span class='ocrx_word' id='word_1_70' title='bbox 629 1530 753 1590; x_wconf 80' lang='lat' dir='ltr'><strong>stridore</strong></span> <span class='ocrx_word' id='word_1_71' title='bbox 776 1544 866 1591; x_wconf 75' lang='lat' dir='ltr'><strong>oculo</strong></span> 
     </span>
    </p>
   </div>
   <div class='ocr_carea' id='block_1_3' title="bbox 386 1633 918 1715">
    <p class='ocr_par' dir='ltr' id='par_1_6' title="bbox 386 1633 918 1715">
     <span class='ocr_line' id='line_1_13' title="bbox 386 1633 918 1715; baseline -0.006 -20"><span class='ocrx_word' id='word_1_72' title='bbox 386 1635 536 1709; x_wconf 81' lang='lat' dir='ltr'><strong>Sustulit,</strong></span> <span class='ocrx_word' id='word_1_73' title='bbox 566 1633 615 1694; x_wconf 78' lang='lat' dir='ltr'><strong>iric</strong></span> <span class='ocrx_word' id='word_1_74' title='bbox 635 1637 773 1715; x_wconf 81' lang='lat' dir='ltr'><strong>potuisse</strong></span> <span class='ocrx_word' id='word_1_75' title='bbox 793 1633 918 1715; x_wconf 77' lang='lat' dir='ltr'><strong>gaudet.</strong></span> 
     </span>
    </p>
   </div>
   <div class='ocr_carea' id='block_1_4' title="bbox 177 1771 1272 2379">
    <p class='ocr_par' dir='ltr' id='par_1_7' title="bbox 177 1771 1272 2379">
     <span class='ocr_line' id='line_1_14' title="bbox 280 1771 1272 1869; baseline -0.001 -27"><span class='ocrx_word' id='word_1_76' title='bbox 280 1775 330 1842; x_wconf 85' lang='lat' dir='ltr'><strong>Ex</strong></span> <span class='ocrx_word' id='word_1_77' title='bbox 355 1796 464 1869; x_wconf 87' lang='lat' dir='ltr'><strong>quanta</strong></span> <span class='ocrx_word' id='word_1_78' title='bbox 487 1784 629 1849; x_wconf 82' lang='lat' dir='ltr'><strong>felicitate</strong></span> <span class='ocrx_word' id='word_1_79' title='bbox 643 1782 806 1849; x_wconf 87' lang='lat' dir='ltr'><strong>Ormisdas</strong></span> <span class='ocrx_word' id='word_1_80' title='bbox 823 1782 985 1847; x_wconf 81' lang='lat' dir='ltr'><strong>Persarum</strong></span> <span class='ocrx_word' id='word_1_81' title='bbox 997 1801 1053 1844; x_wconf 87' lang='lat' dir='ltr'><strong>rex</strong></span> <span class='ocrx_word' id='word_1_82' title='bbox 1067 1780 1153 1860; x_wconf 87' lang='lat' dir='ltr'><strong>(nam</strong></span> <span class='ocrx_word' id='word_1_83' title='bbox 1167 1771 1206 1842; x_wconf 86' lang='lat' dir='ltr'><strong>de</strong></span> <span class='ocrx_word' id='word_1_84' title='bbox 1220 1800 1272 1842; x_wconf 90' lang='lat' dir='ltr'><strong>re-</strong></span> 
     </span>
     <span class='ocr_line' id='line_1_15' title="bbox 178 1881 1272 1974; baseline 0.002 -30"><span class='ocrx_word' id='word_1_85' title='bbox 178 1883 235 1944; x_wconf 86' lang='lat' dir='ltr'><strong>bus</strong></span> <span class='ocrx_word' id='word_1_86' title='bbox 257 1903 377 1968; x_wconf 84' lang='lat' dir='ltr'><strong>quoquc</strong></span> <span class='ocrx_word' id='word_1_87' title='bbox 398 1888 527 1952; x_wconf 85' lang='lat' dir='ltr'><strong>Persicis</strong></span> <span class='ocrx_word' id='word_1_88' title='bbox 546 1891 642 1952; x_wconf 82' lang='lat' dir='ltr'><strong>multa</strong></span> <span class='ocrx_word' id='word_1_89' title='bbox 660 1886 908 1974; x_wconf 85' lang='lat' dir='ltr'><strong>Theophylactus</strong></span> <span class='ocrx_word' id='word_1_90' title='bbox 932 1883 1046 1965; x_wconf 89' lang='lat' dir='ltr'><strong>narrat)</strong></span> <span class='ocrx_word' id='word_1_91' title='bbox 1067 1894 1099 1974; x_wconf 80' lang='lat' dir='ltr'><strong>ct</strong></span> <span class='ocrx_word' id='word_1_92' title='bbox 1119 1881 1272 1947; x_wconf 83' lang='lat' dir='ltr'><strong>Chosrocs</strong></span> 
     </span>
     <span class='ocr_line' id='line_1_16' title="bbox 177 1983 1272 2075; baseline 0.001 -29"><span class='ocrx_word' id='word_1_93' title='bbox 177 1983 259 2046; x_wconf 85' lang='lat' dir='ltr'><strong>filius</strong></span> <span class='ocrx_word' id='word_1_94' title='bbox 274 1985 339 2048; x_wconf 87' lang='lat' dir='ltr'><strong>eius</strong></span> <span class='ocrx_word' id='word_1_95' title='bbox 354 1988 385 2048; x_wconf 93' lang='lat' dir='ltr'><strong>in</strong></span> <span class='ocrx_word' id='word_1_96' title='bbox 399 2001 526 2075; x_wconf 88' lang='lat' dir='ltr'><strong>quantas</strong></span> <span class='ocrx_word' id='word_1_97' title='bbox 541 2010 700 2054; x_wconf 86' lang='lat' dir='ltr'><strong>aerumnas</strong></span> <span class='ocrx_word' id='word_1_98' title='bbox 716 1989 853 2055; x_wconf 84' lang='lat' dir='ltr'><strong>devoluti</strong></span> <span class='ocrx_word' id='word_1_99' title='bbox 868 1988 961 2055; x_wconf 82' lang='lat' dir='ltr'><strong>sunt?</strong></span> <span class='ocrx_word' id='word_1_100' title='bbox 998 2007 1089 2073; x_wconf 86' lang='lat' dir='ltr'><strong>quam</strong></span> <span class='ocrx_word' id='word_1_101' title='bbox 1100 1986 1210 2050; x_wconf 84' lang='lat' dir='ltr'><strong>flebilis</strong></span> <span class='ocrx_word' id='word_1_102' title='bbox 1224 1995 1272 2048; x_wconf 73' lang='lat' dir='ltr'><strong>eet</strong></span> 
     </span>
     <span class='ocr_line' id='line_1_17' title="bbox 179 2081 1271 2179; baseline 0.002 -31"><span class='ocrx_word' id='word_1_103' title='bbox 179 2081 316 2149; x_wconf 89' lang='lat' dir='ltr'><strong>llIauricii</strong></span> <span class='ocrx_word' id='word_1_104' title='bbox 344 2092 475 2157; x_wconf 86' lang='lat' dir='ltr'><strong>exitus?</strong></span> <span class='ocrx_word' id='word_1_105' title='bbox 522 2114 614 2179; x_wconf 89' lang='lat' dir='ltr'><strong>quam</strong></span> <span class='ocrx_word' id='word_1_106' title='bbox 638 2092 821 2157; x_wconf 87' lang='lat' dir='ltr'><strong>miserabilis</strong></span> <span class='ocrx_word' id='word_1_107' title='bbox 847 2091 1099 2171; x_wconf 78' lang='lat' dir='ltr'><strong>Palaeologorum</strong></span> <span class='ocrx_word' id='word_1_108' title='bbox 1128 2086 1271 2165; x_wconf 88' lang='lat' dir='ltr'><strong>conditio,</strong></span> 
     </span>
     <span class='ocr_line' id='line_1_18' title="bbox 179 2188 1271 2278; baseline 0 -28"><span class='ocrx_word' id='word_1_109' title='bbox 179 2189 233 2273; x_wconf 92' lang='lat' dir='ltr'><strong>qui</strong></span> <span class='ocrx_word' id='word_1_110' title='bbox 256 2191 412 2256; x_wconf 82' lang='lat' dir='ltr'><strong>auxiliaria</strong></span> <span class='ocrx_word' id='word_1_111' title='bbox 433 2194 610 2258; x_wconf 87' lang='lat' dir='ltr'><strong>Lalinnrnm</strong></span> <span class='ocrx_word' id='word_1_112' title='bbox 634 2215 720 2256; x_wconf 87' lang='lat' dir='ltr'><strong>anna</strong></span> <span class='ocrx_word' id='word_1_113' title='bbox 746 2196 837 2257; x_wconf 87' lang='lat' dir='ltr'><strong>toties</strong></span> <span class='ocrx_word' id='word_1_114' title='bbox 863 2195 1017 2257; x_wconf 90' lang='lat' dir='ltr'><strong>incassum</strong></span> <span class='ocrx_word' id='word_1_115' title='bbox 1045 2188 1271 2278; x_wconf 84' lang='lat' dir='ltr'><strong>imploranmt?</strong></span> 
     </span>
     <span class='ocr_line' id='line_1_19' title="bbox 180 2280 1271 2379; baseline 0.006 -28"><span class='ocrx_word' id='word_1_116' title='bbox 180 2290 290 2353; x_wconf 83' lang='lat' dir='ltr'><strong>Persae</strong></span> <span class='ocrx_word' id='word_1_117' title='bbox 302 2293 487 2375; x_wconf 89' lang='lat' dir='ltr'><strong>Varamum,</strong></span> <span class='ocrx_word' id='word_1_118' title='bbox 511 2296 674 2361; x_wconf 83' lang='lat' dir='ltr'><strong>Mauricius</strong></span> <span class='ocrx_word' id='word_1_119' title='bbox 688 2295 838 2377; x_wconf 81' lang='lat' dir='ltr'><strong>Phocum,</strong></span> <span class='ocrx_word' id='word_1_120' title='bbox 866 2294 1080 2360; x_wconf 84' lang='lat' dir='ltr'><strong>Constantinus</strong></span> <span class='ocrx_word' id='word_1_121' title='bbox 1099 2280 1195 2374; x_wconf 86' lang='lat' dir='ltr'><strong>VIII,</strong></span> <span class='ocrx_word' id='word_1_122' title='bbox 1220 2290 1271 2379; x_wconf 86' lang='lat' dir='ltr'><strong>qui</strong></span> 
     </span>
    </p>
   </div>
   <div class='ocr_carea' id='block_1_5' title="bbox 181 2395 1272 2588">
    <p class='ocr_par' dir='ltr' id='par_1_8' title="bbox 181 2395 1272 2588">
     <span class='ocr_line' id='line_1_20' title="bbox 181 2395 1272 2487; baseline 0.005 -32"><span class='ocrx_word' id='word_1_123' title='bbox 181 2413 222 2455; x_wconf 86' lang='lat' dir='ltr'><strong>ex</strong></span> <span class='ocrx_word' id='word_1_124' title='bbox 232 2395 347 2458; x_wconf 84' lang='lat' dir='ltr'><strong>familia</strong></span> <span class='ocrx_word' id='word_1_125' title='bbox 359 2396 571 2482; x_wconf 84' lang='lat' dir='ltr'><strong>Palaeologina</strong></span> <span class='ocrx_word' id='word_1_126' title='bbox 590 2411 745 2463; x_wconf 85' lang='lat' dir='ltr'><strong>extremus</strong></span> <span class='ocrx_word' id='word_1_127' title='bbox 762 2411 793 2462; x_wconf 86' lang='lat' dir='ltr'><strong>et</strong></span> <span class='ocrx_word' id='word_1_128' title='bbox 803 2420 912 2487; x_wconf 89' lang='lat' dir='ltr'><strong>parum</strong></span> <span class='ocrx_word' id='word_1_129' title='bbox 926 2396 979 2461; x_wconf 89' lang='lat' dir='ltr'><strong>din</strong></span> <span class='ocrx_word' id='word_1_130' title='bbox 996 2398 1175 2486; x_wconf 79' lang='lat' dir='ltr'><strong>imperarit,</strong></span> <span class='ocrx_word' id='word_1_131' title='bbox 1203 2395 1272 2461; x_wconf 73' lang='grc' dir='ltr'><strong>Μα-</strong></span> 
     </span>
     <span class='ocr_line' id='line_1_21' title="bbox 181 2497 1008 2588; baseline 0.002 -29"><span class='ocrx_word' id='word_1_132' title='bbox 181 2497 337 2561; x_wconf 89' lang='lat' dir='ltr'><strong>homctcm</strong></span> <span class='ocrx_word' id='word_1_133' title='bbox 352 2500 392 2581; x_wconf 93' lang='lat' dir='ltr'><strong>lI,</strong></span> <span class='ocrx_word' id='word_1_134' title='bbox 418 2514 562 2584; x_wconf 88' lang='lat' dir='ltr'><strong>tyrannos</strong></span> <span class='ocrx_word' id='word_1_135' title='bbox 578 2503 804 2565; x_wconf 88' lang='lat' dir='ltr'><strong>crudelissimos</strong></span> <span class='ocrx_word' id='word_1_136' title='bbox 815 2503 1008 2588; x_wconf 84' lang='lat' dir='ltr'><strong>pertulerunt.</strong></span> 
     </span>
    </p>
   </div>
   <div class='ocr_carea' id='block_1_6' title="bbox 183 2646 1272 4382">
    <p class='ocr_par' dir='ltr' id='par_1_9' title="bbox 183 2646 1272 4382">
     <span class='ocr_line' id='line_1_22' title="bbox 285 2646 1272 2741; baseline -0.005 -28"><span class='ocrx_word' id='word_1_137' title='bbox 285 2647 388 2733; x_wconf 85' lang='lat' dir='ltr'><strong>Quare</strong></span> <span class='ocrx_word' id='word_1_138' title='bbox 407 2653 591 2741; x_wconf 86' lang='lat' dir='ltr'><strong>principibus</strong></span> <span class='ocrx_word' id='word_1_139' title='bbox 613 2654 689 2718; x_wconf 91' lang='lat' dir='ltr'><strong>nihil</strong></span> <span class='ocrx_word' id='word_1_140' title='bbox 714 2653 830 2733; x_wconf 89' lang='lat' dir='ltr'><strong>tutius,</strong></span> <span class='ocrx_word' id='word_1_141' title='bbox 869 2650 947 2715; x_wconf 90' lang='lat' dir='ltr'><strong>nihil</strong></span> <span class='ocrx_word' id='word_1_142' title='bbox 967 2646 1142 2728; x_wconf 88' lang='lat' dir='ltr'><strong>salutarius,</strong></span> <span class='ocrx_word' id='word_1_143' title='bbox 1183 2667 1272 2733; x_wconf 88' lang='lat' dir='ltr'><strong>quam</strong></span> 
     </span>
     <span class='ocr_line' id='line_1_23' title="bbox 183 2749 1271 2844; baseline -0.003 -29"><span class='ocrx_word' id='word_1_144' title='bbox 183 2755 221 2817; x_wconf 86' lang='lat' dir='ltr'><strong>ab</strong></span> <span class='ocrx_word' id='word_1_145' title='bbox 237 2775 297 2816; x_wconf 91' lang='lat' dir='ltr'><strong>uno</strong></span> <span class='ocrx_word' id='word_1_146' title='bbox 313 2767 344 2818; x_wconf 89' lang='lat' dir='ltr'><strong>et</strong></span> <span class='ocrx_word' id='word_1_147' title='bbox 361 2757 448 2820; x_wconf 91' lang='lat' dir='ltr'><strong>unico</strong></span> <span class='ocrx_word' id='word_1_148' title='bbox 467 2757 526 2820; x_wconf 88' lang='lat' dir='ltr'><strong>deo</strong></span> <span class='ocrx_word' id='word_1_149' title='bbox 542 2757 674 2844; x_wconf 86' lang='lat' dir='ltr'><strong>pendero</strong></span> <span class='ocrx_word' id='word_1_150' title='bbox 686 2778 824 2844; x_wconf 87' lang='lat' dir='ltr'><strong>semper,</strong></span> <span class='ocrx_word' id='word_1_151' title='bbox 849 2755 934 2819; x_wconf 89' lang='lat' dir='ltr'><strong>cuius</strong></span> <span class='ocrx_word' id='word_1_152' title='bbox 947 2766 993 2818; x_wconf 84' lang='lat' dir='ltr'><strong>est</strong></span> <span class='ocrx_word' id='word_1_153' title='bbox 1007 2773 1150 2836; x_wconf 79' lang='lat' dir='ltr'><strong>regnum,</strong></span> <span class='ocrx_word' id='word_1_154' title='bbox 1175 2762 1206 2814; x_wconf 93' lang='lat' dir='ltr'><strong>et</strong></span> <span class='ocrx_word' id='word_1_155' title='bbox 1224 2749 1271 2812; x_wconf 91' lang='lat' dir='ltr'><strong>cui</strong></span> 
     </span>
     <span class='ocr_line' id='line_1_24' title="bbox 183 2855 1271 2948; baseline -0.006 -27"><span class='ocrx_word' id='word_1_156' title='bbox 183 2858 328 2939; x_wconf 82' lang='lat' dir='ltr'><strong>voluerit,</strong></span> <span class='ocrx_word' id='word_1_157' title='bbox 353 2859 435 2922; x_wconf 82' lang='lat' dir='ltr'><strong>dalrit</strong></span> <span class='ocrx_word' id='word_1_158' title='bbox 454 2859 545 2941; x_wconf 82' lang='lat' dir='ltr'><strong>illud3</strong></span> <span class='ocrx_word' id='word_1_159' title='bbox 573 2861 709 2947; x_wconf 84' lang='lat' dir='ltr'><strong>nihilque</strong></span> <span class='ocrx_word' id='word_1_160' title='bbox 723 2859 848 2948; x_wconf 85' lang='lat' dir='ltr'><strong>perinde</strong></span> <span class='ocrx_word' id='word_1_161' title='bbox 865 2860 897 2922; x_wconf 91' lang='lat' dir='ltr'><strong>in</strong></span> <span class='ocrx_word' id='word_1_162' title='bbox 913 2859 1000 2922; x_wconf 92' lang='lat' dir='ltr'><strong>omni</strong></span> <span class='ocrx_word' id='word_1_163' title='bbox 1018 2859 1082 2922; x_wconf 83' lang='lat' dir='ltr'><strong>vita</strong></span> <span class='ocrx_word' id='word_1_164' title='bbox 1096 2875 1197 2916; x_wconf 89' lang='lat' dir='ltr'><strong>carum</strong></span> <span class='ocrx_word' id='word_1_165' title='bbox 1215 2855 1271 2914; x_wconf 88' lang='lat' dir='ltr'><strong>lra-</strong></span> 
     </span>
     <span class='ocr_line' id='line_1_25' title="bbox 185 2958 1270 3048; baseline -0.005 -26"><span class='ocrx_word' id='word_1_166' title='bbox 185 2964 256 3022; x_wconf 88' lang='lat' dir='ltr'><strong>bcrc</strong></span> <span class='ocrx_word' id='word_1_167' title='bbox 269 2962 455 3048; x_wconf 82' lang='lat' dir='ltr'><strong>mpietatem</strong></span> <span class='ocrx_word' id='word_1_168' title='bbox 469 2983 504 3025; x_wconf 87' lang='lat' dir='ltr'><strong>ac</strong></span> <span class='ocrx_word' id='word_1_169' title='bbox 516 2964 712 3043; x_wconf 81' lang='lat' dir='ltr'><strong>religionem,</strong></span> <span class='ocrx_word' id='word_1_170' title='bbox 738 2965 822 3026; x_wconf 88' lang='lat' dir='ltr'><strong>cuius</strong></span> <span class='ocrx_word' id='word_1_171' title='bbox 838 2963 869 3025; x_wconf 90' lang='lat' dir='ltr'><strong>in</strong></span> <span class='ocrx_word' id='word_1_172' title='bbox 885 2963 1007 3048; x_wconf 88' lang='lat' dir='ltr'><strong>teipso,</strong></span> <span class='ocrx_word' id='word_1_173' title='bbox 1031 2958 1270 3032; x_wconf 77' lang='lat' dir='ltr'><strong>llisxmrnraun,</strong></span> 
     </span>
     <span class='ocr_line' id='line_1_26' title="bbox 186 3060 1270 3152; baseline -0.004 -29"><span class='ocrx_word' id='word_1_174' title='bbox 186 3074 219 3124; x_wconf 89' lang='lat' dir='ltr'><strong>ut</strong></span> <span class='ocrx_word' id='word_1_175' title='bbox 232 3063 307 3124; x_wconf 87' lang='lat' dir='ltr'><strong>item</strong></span> <span class='ocrx_word' id='word_1_176' title='bbox 330 3065 362 3126; x_wconf 91' lang='lat' dir='ltr'><strong>in</strong></span> <span class='ocrx_word' id='word_1_177' title='bbox 385 3065 580 3128; x_wconf 80' lang='lat' dir='ltr'><strong>sanctissimIs</strong></span> <span class='ocrx_word' id='word_1_178' title='bbox 602 3068 776 3152; x_wconf 88' lang='lat' dir='ltr'><strong>parentibus</strong></span> <span class='ocrx_word' id='word_1_179' title='bbox 801 3088 835 3128; x_wconf 89' lang='lat' dir='ltr'><strong>ac</strong></span> <span class='ocrx_word' id='word_1_180' title='bbox 852 3065 1017 3128; x_wconf 87' lang='lat' dir='ltr'><strong>maioribus</strong></span> <span class='ocrx_word' id='word_1_181' title='bbox 1030 3062 1106 3139; x_wconf 90' lang='lat' dir='ltr'><strong>tuis,</strong></span> <span class='ocrx_word' id='word_1_182' title='bbox 1133 3060 1270 3145; x_wconf 84' lang='lat' dir='ltr'><strong>exempla</strong></span> 
     </span>
     <span class='ocr_line' id='line_1_27' title="bbox 186 3159 1272 3248; baseline -0.005 -22"><span class='ocrx_word' id='word_1_183' title='bbox 186 3167 280 3227; x_wconf 87' lang='lat' dir='ltr'><strong>multa</strong></span> <span class='ocrx_word' id='word_1_184' title='bbox 303 3177 333 3228; x_wconf 89' lang='lat' dir='ltr'><strong>et</strong></span> <span class='ocrx_word' id='word_1_185' title='bbox 357 3168 518 3248; x_wconf 84' lang='lat' dir='ltr'><strong>singularia</strong></span> <span class='ocrx_word' id='word_1_186' title='bbox 538 3167 686 3247; x_wconf 85' lang='lat' dir='ltr'><strong>vidimus,</strong></span> <span class='ocrx_word' id='word_1_187' title='bbox 719 3170 869 3248; x_wconf 79' lang='lat' dir='ltr'><strong>legimus,</strong></span> <span class='ocrx_word' id='word_1_188' title='bbox 903 3166 1093 3244; x_wconf 70' lang='lat' dir='ltr'><strong>audivimus,</strong></span> <span class='ocrx_word' id='word_1_189' title='bbox 1126 3159 1272 3246; x_wconf 85' lang='lat' dir='ltr'><strong>quemad-</strong></span> 
     </span>
     <span class='ocr_line' id='line_1_28' title="bbox 186 3263 1272 3357; baseline -0.006 -27"><span class='ocrx_word' id='word_1_190' title='bbox 186 3266 313 3332; x_wconf 90' lang='lat' dir='ltr'><strong>modum</strong></span> <span class='ocrx_word' id='word_1_191' title='bbox 336 3281 367 3332; x_wconf 85' lang='lat' dir='ltr'><strong>et</strong></span> <span class='ocrx_word' id='word_1_192' title='bbox 390 3271 533 3335; x_wconf 84' lang='lat' dir='ltr'><strong>virtutum</strong></span> <span class='ocrx_word' id='word_1_193' title='bbox 555 3271 755 3357; x_wconf 87' lang='lat' dir='ltr'><strong>reliquarum,</strong></span> <span class='ocrx_word' id='word_1_194' title='bbox 798 3272 906 3356; x_wconf 82' lang='lat' dir='ltr'><strong>quibus</strong></span> <span class='ocrx_word' id='word_1_195' title='bbox 936 3268 1088 3355; x_wconf 84' lang='lat' dir='ltr'><strong>principes</strong></span> <span class='ocrx_word' id='word_1_196' title='bbox 1115 3263 1272 3330; x_wconf 81' lang='lat' dir='ltr'><strong>Christiani</strong></span> 
     </span>
     <span class='ocr_line' id='line_1_29' title="bbox 186 3367 1272 3460; baseline -0.004 -28"><span class='ocrx_word' id='word_1_197' title='bbox 186 3373 345 3457; x_wconf 85' lang='lat' dir='ltr'><strong>plusquam</strong></span> <span class='ocrx_word' id='word_1_198' title='bbox 364 3372 557 3452; x_wconf 86' lang='lat' dir='ltr'><strong>diadematis,</strong></span> <span class='ocrx_word' id='word_1_199' title='bbox 586 3394 659 3437; x_wconf 89' lang='lat' dir='ltr'><strong>auro</strong></span> <span class='ocrx_word' id='word_1_200' title='bbox 681 3385 713 3437; x_wconf 86' lang='lat' dir='ltr'><strong>ct</strong></span> <span class='ocrx_word' id='word_1_201' title='bbox 735 3374 863 3460; x_wconf 90' lang='lat' dir='ltr'><strong>lapillis,</strong></span> <span class='ocrx_word' id='word_1_202' title='bbox 897 3372 1134 3460; x_wconf 86' lang='lat' dir='ltr'><strong>stipatorumquo</strong></span> <span class='ocrx_word' id='word_1_203' title='bbox 1158 3367 1272 3449; x_wconf 79' lang='lat' dir='ltr'><strong>magnis</strong></span> 
     </span>
     <span class='ocr_line' id='line_1_30' title="bbox 189 3470 1272 3558; baseline -0.006 -22"><span class='ocrx_word' id='word_1_204' title='bbox 189 3477 316 3537; x_wconf 86' lang='lat' dir='ltr'><strong>catervis</strong></span> <span class='ocrx_word' id='word_1_205' title='bbox 337 3488 367 3538; x_wconf 85' lang='lat' dir='ltr'><strong>et</strong></span> <span class='ocrx_word' id='word_1_206' title='bbox 390 3477 475 3539; x_wconf 89' lang='lat' dir='ltr'><strong>omni</strong></span> <span class='ocrx_word' id='word_1_207' title='bbox 489 3475 614 3540; x_wconf 86' lang='lat' dir='ltr'><strong>demum</strong></span> <span class='ocrx_word' id='word_1_208' title='bbox 634 3477 786 3540; x_wconf 88' lang='lat' dir='ltr'><strong>hunorum</strong></span> <span class='ocrx_word' id='word_1_209' title='bbox 809 3497 920 3558; x_wconf 80' lang='lat' dir='ltr'><strong>genere</strong></span> <span class='ocrx_word' id='word_1_210' title='bbox 939 3486 1131 3538; x_wconf 86' lang='lat' dir='ltr'><strong>exornantur.</strong></span> <span class='ocrx_word' id='word_1_211' title='bbox 1181 3472 1214 3533; x_wconf 91' lang='lat' dir='ltr'><strong>in</strong></span> <span class='ocrx_word' id='word_1_212' title='bbox 1227 3470 1272 3531; x_wconf 91' lang='lat' dir='ltr'><strong>his</strong></span> 
     </span>
     <span class='ocr_line' id='line_1_31' title="bbox 190 3573 1271 3664; baseline -0.005 -26"><span class='ocrx_word' id='word_1_213' title='bbox 190 3578 286 3638; x_wconf 88' lang='lat' dir='ltr'><strong>elucet</strong></span> <span class='ocrx_word' id='word_1_214' title='bbox 305 3578 445 3664; x_wconf 86' lang='lat' dir='ltr'><strong>inprimis</strong></span> <span class='ocrx_word' id='word_1_215' title='bbox 467 3578 578 3642; x_wconf 86' lang='lat' dir='ltr'><strong>domus</strong></span> <span class='ocrx_word' id='word_1_216' title='bbox 597 3592 716 3643; x_wconf 79' lang='lat' dir='ltr'><strong>vestrae</strong></span> <span class='ocrx_word' id='word_1_217' title='bbox 730 3581 913 3643; x_wconf 86' lang='lat' dir='ltr'><strong>clarissimae</strong></span> <span class='ocrx_word' id='word_1_218' title='bbox 929 3599 999 3661; x_wconf 87' lang='lat' dir='ltr'><strong>erga</strong></span> <span class='ocrx_word' id='word_1_219' title='bbox 1022 3578 1180 3656; x_wconf 80' lang='lat' dir='ltr'><strong>religiosos</strong></span> <span class='ocrx_word' id='word_1_220' title='bbox 1192 3573 1271 3637; x_wconf 73' lang='lat' dir='ltr'><strong>viros</strong></span> 
     </span>
     <span class='ocr_line' id='line_1_32' title="bbox 190 3680 1271 3769; baseline -0.003 -29"><span class='ocrx_word' id='word_1_221' title='bbox 190 3700 277 3741; x_wconf 88' lang='lat' dir='ltr'><strong>amor</strong></span> <span class='ocrx_word' id='word_1_222' title='bbox 301 3702 334 3742; x_wconf 90' lang='lat' dir='ltr'><strong>ac</strong></span> <span class='ocrx_word' id='word_1_223' title='bbox 353 3682 531 3759; x_wconf 86' lang='lat' dir='ltr'><strong>liberalitas,</strong></span> <span class='ocrx_word' id='word_1_224' title='bbox 564 3703 621 3769; x_wconf 88' lang='lat' dir='ltr'><strong>qua</strong></span> <span class='ocrx_word' id='word_1_225' title='bbox 643 3705 712 3744; x_wconf 88' lang='lat' dir='ltr'><strong>cum</strong></span> <span class='ocrx_word' id='word_1_226' title='bbox 731 3682 890 3747; x_wconf 81' lang='lat' dir='ltr'><strong>Socrnrss</strong></span> <span class='ocrx_word' id='word_1_227' title='bbox 914 3695 1017 3746; x_wconf 85' lang='lat' dir='ltr'><strong>nostra</strong></span> <span class='ocrx_word' id='word_1_228' title='bbox 1039 3680 1203 3766; x_wconf 90' lang='lat' dir='ltr'><strong>plurimum</strong></span> <span class='ocrx_word' id='word_1_229' title='bbox 1222 3694 1271 3737; x_wconf 87' lang='lat' dir='ltr'><strong>usa</strong></span> 
     </span>
     <span class='ocr_line' id='line_1_33' title="bbox 189 3779 1271 3873; baseline -0.005 -28"><span class='ocrx_word' id='word_1_230' title='bbox 189 3781 229 3845; x_wconf 87' lang='lat' dir='ltr'><strong>sit</strong></span> <span class='ocrx_word' id='word_1_231' title='bbox 248 3793 403 3868; x_wconf 89' lang='lat' dir='ltr'><strong>utaturque</strong></span> <span class='ocrx_word' id='word_1_232' title='bbox 426 3784 581 3868; x_wconf 89' lang='lat' dir='ltr'><strong>qnotidie,</strong></span> <span class='ocrx_word' id='word_1_233' title='bbox 612 3797 642 3848; x_wconf 89' lang='lat' dir='ltr'><strong>et</strong></span> <span class='ocrx_word' id='word_1_234' title='bbox 656 3807 727 3873; x_wconf 84' lang='lat' dir='ltr'><strong>pars</strong></span> <span class='ocrx_word' id='word_1_235' title='bbox 747 3787 828 3850; x_wconf 89' lang='lat' dir='ltr'><strong>illius</strong></span> <span class='ocrx_word' id='word_1_236' title='bbox 842 3787 934 3848; x_wconf 87' lang='lat' dir='ltr'><strong>etiam</strong></span> <span class='ocrx_word' id='word_1_237' title='bbox 947 3784 986 3846; x_wconf 92' lang='lat' dir='ltr'><strong>ad</strong></span> <span class='ocrx_word' id='word_1_238' title='bbox 998 3783 1204 3862; x_wconf 81' lang='lat' dir='ltr'><strong>Angustanmu</strong></span> <span class='ocrx_word' id='word_1_239' title='bbox 1218 3779 1271 3840; x_wconf 89' lang='lat' dir='ltr'><strong>hoc</strong></span> 
     </span>
     <span class='ocr_line' id='line_1_34' title="bbox 190 3883 1271 3974; baseline -0.003 -26"><span class='ocrx_word' id='word_1_240' title='bbox 190 3883 358 3965; x_wconf 84' lang='lat' dir='ltr'><strong>Collegium</strong></span> <span class='ocrx_word' id='word_1_241' title='bbox 372 3885 585 3966; x_wconf 85' lang='lat' dir='ltr'><strong>dimanaveril,</strong></span> <span class='ocrx_word' id='word_1_242' title='bbox 608 3901 637 3950; x_wconf 84' lang='lat' dir='ltr'><strong>et</strong></span> <span class='ocrx_word' id='word_1_243' title='bbox 650 3911 709 3952; x_wconf 88' lang='lat' dir='ltr'><strong>nos</strong></span> <span class='ocrx_word' id='word_1_244' title='bbox 726 3911 846 3974; x_wconf 89' lang='lat' dir='ltr'><strong>quoqne</strong></span> <span class='ocrx_word' id='word_1_245' title='bbox 859 3900 909 3950; x_wconf 91' lang='lat' dir='ltr'><strong>tua</strong></span> <span class='ocrx_word' id='word_1_246' title='bbox 929 3898 1107 3970; x_wconf 83' lang='lat' dir='ltr'><strong>tuorumque</strong></span> <span class='ocrx_word' id='word_1_247' title='bbox 1122 3902 1271 3946; x_wconf 85' lang='lat' dir='ltr'><strong>successo-</strong></span> 
     </span>
     <span class='ocr_line' id='line_1_35' title="bbox 190 3989 1270 4078; baseline -0.003 -29"><span class='ocrx_word' id='word_1_248' title='bbox 190 4008 257 4049; x_wconf 89' lang='lat' dir='ltr'><strong>rum</strong></span> <span class='ocrx_word' id='word_1_249' title='bbox 276 3989 424 4074; x_wconf 87' lang='lat' dir='ltr'><strong>praesidia</strong></span> <span class='ocrx_word' id='word_1_250' title='bbox 448 3989 636 4077; x_wconf 86' lang='lat' dir='ltr'><strong>subsidiaque</strong></span> <span class='ocrx_word' id='word_1_251' title='bbox 649 3991 739 4054; x_wconf 88' lang='lat' dir='ltr'><strong>nobis</strong></span> <span class='ocrx_word' id='word_1_252' title='bbox 755 3991 890 4078; x_wconf 87' lang='lat' dir='ltr'><strong>polliceri</strong></span> <span class='ocrx_word' id='word_1_253' title='bbox 905 3989 1076 4076; x_wconf 88' lang='lat' dir='ltr'><strong>possimus,</strong></span> <span class='ocrx_word' id='word_1_254' title='bbox 1101 3990 1200 4048; x_wconf 85' lang='lat' dir='ltr'><strong>facere</strong></span> <span class='ocrx_word' id='word_1_255' title='bbox 1213 4006 1270 4047; x_wconf 92' lang='lat' dir='ltr'><strong>non</strong></span> 
     </span>
     <span class='ocr_line' id='line_1_36' title="bbox 190 4087 1271 4175; baseline 0.001 -27"><span class='ocrx_word' id='word_1_256' title='bbox 190 4091 275 4174; x_wconf 90' lang='lat' dir='ltr'><strong>potui</strong></span> <span class='ocrx_word' id='word_1_257' title='bbox 294 4091 366 4175; x_wconf 87' lang='lat' dir='ltr'><strong>quin</strong></span> <span class='ocrx_word' id='word_1_258' title='bbox 390 4091 428 4154; x_wconf 90' lang='lat' dir='ltr'><strong>ad</strong></span> <span class='ocrx_word' id='word_1_259' title='bbox 446 4093 685 4156; x_wconf 86' lang='lat' dir='ltr'><strong>testificationem</strong></span> <span class='ocrx_word' id='word_1_260' title='bbox 698 4095 774 4175; x_wconf 82' lang='lat' dir='ltr'><strong>grati</strong></span> <span class='ocrx_word' id='word_1_261' title='bbox 796 4116 832 4157; x_wconf 88' lang='lat' dir='ltr'><strong>ac</strong></span> <span class='ocrx_word' id='word_1_262' title='bbox 846 4092 993 4155; x_wconf 84' lang='lat' dir='ltr'><strong>memoris</strong></span> <span class='ocrx_word' id='word_1_263' title='bbox 1006 4090 1101 4153; x_wconf 86' lang='lat' dir='ltr'><strong>animi</strong></span> <span class='ocrx_word' id='word_1_264' title='bbox 1115 4091 1173 4150; x_wconf 88' lang='lat' dir='ltr'><strong>hoc</strong></span> <span class='ocrx_word' id='word_1_265' title='bbox 1189 4087 1271 4174; x_wconf 85' lang='lat' dir='ltr'><strong>quid·</strong></span> 
     </span>
     <span class='ocr_line' id='line_1_37' title="bbox 190 4190 1271 4280; baseline 0.001 -29"><span class='ocrx_word' id='word_1_266' title='bbox 190 4191 263 4274; x_wconf 90' lang='lat' dir='ltr'><strong>qnid</strong></span> <span class='ocrx_word' id='word_1_267' title='bbox 284 4207 330 4257; x_wconf 87' lang='lat' dir='ltr'><strong>est</strong></span> <span class='ocrx_word' id='word_1_268' title='bbox 350 4195 515 4258; x_wconf 81' lang='lat' dir='ltr'><strong>voluminis</strong></span> <span class='ocrx_word' id='word_1_269' title='bbox 532 4195 587 4256; x_wconf 90' lang='lat' dir='ltr'><strong>tibi</strong></span> <span class='ocrx_word' id='word_1_270' title='bbox 605 4196 819 4275; x_wconf 73' lang='lat' dir='ltr'><strong>inscriberem,</strong></span> <span class='ocrx_word' id='word_1_271' title='bbox 845 4216 916 4256; x_wconf 89' lang='lat' dir='ltr'><strong>cum</strong></span> <span class='ocrx_word' id='word_1_272' title='bbox 935 4193 1112 4280; x_wconf 86' lang='lat' dir='ltr'><strong>praesertim</strong></span> <span class='ocrx_word' id='word_1_273' title='bbox 1124 4213 1165 4254; x_wconf 87' lang='lat' dir='ltr'><strong>ex</strong></span> <span class='ocrx_word' id='word_1_274' title='bbox 1187 4190 1271 4253; x_wconf 88' lang='lat' dir='ltr'><strong>nobi-</strong></span> 
     </span>
     <span class='ocr_line' id='line_1_38' title="bbox 193 4292 1271 4382; baseline 0.002 -28"><span class='ocrx_word' id='word_1_275' title='bbox 193 4292 308 4355; x_wconf 67' lang='lat' dir='ltr'><strong>&#39;issima</strong></span> <span class='ocrx_word' id='word_1_276' title='bbox 332 4297 510 4360; x_wconf 86' lang='lat' dir='ltr'><strong>bibliotheca</strong></span> <span class='ocrx_word' id='word_1_277' title='bbox 529 4307 579 4357; x_wconf 90' lang='lat' dir='ltr'><strong>tna</strong></span> <span class='ocrx_word' id='word_1_278' title='bbox 600 4295 718 4360; x_wconf 88' lang='lat' dir='ltr'><strong>codices</strong></span> <span class='ocrx_word' id='word_1_279' title='bbox 731 4295 863 4363; x_wconf 82' lang='lat' dir='ltr'><strong>Graecos</strong></span> <span class='ocrx_word' id='word_1_280' title='bbox 879 4298 981 4382; x_wconf 86' lang='lat' dir='ltr'><strong>plures</strong></span> <span class='ocrx_word' id='word_1_281' title='bbox 1000 4298 1143 4358; x_wconf 88' lang='lat' dir='ltr'><strong>hactenns</strong></span> <span class='ocrx_word' id='word_1_282' title='bbox 1155 4294 1271 4357; x_wconf 80' lang='lat' dir='ltr'><strong>mihist</strong></span> 
     </span>
    </p>
   </div>
   <div class='ocr_carea' id='block_1_7' title="bbox 0 0 1420 4742">
    <p class='ocr_par' dir='ltr' id='par_1_10' title="bbox 0 0 1420 4742">
     <span class='ocr_line' id='line_1_39' title="bbox 0 0 1420 4742; baseline 0 0"><span class='ocrx_word' id='word_1_283' title='bbox 0 0 1420 4742; x_wconf 95' lang='lat' dir='ltr'><strong> </strong></span> 
     </span>
    </p>
   </div>
  </div>
 </body>
</html>
