2817 4742
242 303 292 376 74
713 307 876 378 GENESll

243 473 293 544 δτι
316 502 373 562 περ
391 485 494 559 κομῶν
514 481 555 564 τῇ
573 472 693 563 νεδτητι
716 479 773 546 σὺν
789 479 968 573 εὐδαιμονίᾳ
983 474 1121 570 τοσοδτῃ
1133 478 1205 566 ι’ίρτι
1218 479 1340 550 τούτων

241 576 526 663 ίκτειχισθὴσσμαι,
552 587 656 670 πολλῶ
677 584 712 648 δέ
731 589 851 666 μᾶλλον
863 584 1005 670 γυναικὸς
1017 581 1183 668 νεαζοάσης
1199 589 1253 651 καὶ
1268 614 1339 652 παι-

242 678 440 765 δδςάνήβου,
459 675 502 750 ὧν
515 683 572 767 τὴν
586 684 730 770 στίρησιν
743 683 865 763 πάντας
879 691 929 753 καί
942 687 1001 773 πρδ
1014 693 1155 772 τελευτῆς
1168 687 1338 755 ἀποκλαίο-

238 811 313 867 μαι,
339 785 395 869 οὐχ
419 777 514 869 ἦττον
537 787 571 852 δὲ
592 787 649 871 τὴν
664 787 768 854 αὐτῶν
783 790 911 873 ἐρημίαν
929 787 1007 874 μετά
1019 816 1052 875 γε
1069 791 1125 874 τὴν
1141 787 1242 857 αὑτοῦ
1259 791 1338 857 tino-

236 890 356 971 βίιοσιν.
409 887 461 954 διά
477 915 525 956 τοι
537 897 637 956 ταῦτα
650 891 814 975 μίμνησθί
827 918 907 975 μου,
935 900 1121 980 παρακαλῶ,
1147 901 1213 961 τῶν
1234 891 1357 961 τοιού-5

236 1016 299 1058 τιον
318 994 498 1059 τελευταίων
521 991 669 1079 ῥημάτων
690 997 741 1059 καί
765 1001 821 1079 τῆς
840 991 990 1084 ἡμετέρας
1008 995 1085 1082 πρὸς
1107 993 1192 1080 άμῶς
1215 1024 1337 1084 προμη-

236 1096 327 1172 θείας
351 1098 402 1161 καί
422 1094 646 1182 φαλιμότητος·
667 1087 712 1162 ὧν
732 1095 874 1164 άντίδοτί
887 1124 941 1180 μοι
961 1099 1018 1183 τὴν
1036 1099 1114 1182 μετὰ
1129 1096 1275 1168 θάνατον
1287 1101 1337 1168 sd-

235 1223 322 1264 νσιαν
344 1197 422 1283 πρδς
442 1197 574 1281 αιἰτοάς,
602 1197 705 1286 ῶσπερ
727 1202 778 1264 καὶ
803 1199 855 1267 ἔπ’
876 1203 942 1284 ἐμοί
957 1201 997 1266 τὰ
1011 1209 1067 1285 τῆς
1080 1200 1273 1288 εὐγνώμονος
1288 1207 1336 1270 καί

235 1299 337 1387 ὀρθῆς
360 1302 534 1394 διαθίσειυς
564 1300 774 1386 διανοούμενοι
796 1306 847 1369 καί
866 1299 1157 1389 καταπραττόμενοι.
1213 1307 1272 1373 orire
1294 1307 1335 1373 ἔτι

234 1403 295 1490 γάρ
317 1401 400 1487 άμᾶς
421 1403 578 1488 θεάσομαι
600 1412 658 1472 τοῦ
682 1412 809 1487 λοιποῦ,
845 1407 882 1473 οδ
907 1404 1057 1482 τοιούτοις
1077 1411 1367 1493 παρσκαλίσομαιλο

196 1523 221 1578 Β
238 1505 372 1595 ῥήμασιν
381 1557 392 1589 ,
418 1508 455 1575 οδ
472 1505 638 1586 τοσαάταις
653 1506 876 1593 δυσωπῆσομαι
890 1510 1116 1596 παραινίσεσιν,
1144 1509 1204 1593 οὐχ
1220 1510 1334 1576 inertii-

236 1635 283 1674 om
303 1611 361 1675 σὺν
384 1608 541 1695 δάκρυσιν.
549 1612 569 1642 ”
618 1619 749 1677 τοιαῦτα
768 1608 986 1695 προσειπόντος
1000 1618 1057 1677 τοῦ
1070 1611 1225 1694 βασιλέως
1237 1614 1333 1690 nolis

235 1709 372 1797 ὀδυρμὸς
388 1710 556 1798 στεναγμός
568 1738 601 1780 τε
615 1716 665 1778 καί
678 1712 813 1790 κωκυτὸς
825 1713 910 1798 παρά
922 1712 1045 1782 πάντων
1059 1713 1259 1798 ἀνεπέμπετο.

339 1821 505 1900 Συγκυκῶν
524 1818 558 1882 δέ
578 1811 730 1902 Θεόφιλος
743 1815 778 1882 τδ
795 1822 849 1900 τῆς
860 1815 1013 1898 εὐσεβείας
1028 1816 1180 1883 ἄκλυστον
1203 1818 1332 1903 πίλαγος

235 1917 309 1994 τοδς
321 1919 353 1982 ἓν
369 1918 454 2007 αὐτῷ
468 1920 617 1995 πλίοντας
630 1916 812 2002 άκυμάντιυς
825 1923 930 1995 δεινῶς
941 1915 1149 2000 ε’κλυδῶνιζεν·
1176 1917 1210 1986 ἔν
1224 1918 1274 1999 οἷς
1285 1924 1331 1987 καὶ
1340 1930 1364 1984 15

234 2019 289 2086 τδν
312 2016 475 2104 σάγκελλον
496 2023 628 2104 Μιχαὴλ
649 2028 705 2104 τῆς
719 2019 990 2106 Ἱεροσολυμίτιδος
1003 2019 1179 2107 δμηγάρειυς
1194 2023 1254 2089 σδν
1269 2024 1332 2108 ἅμα

151 2151 155 2165 ¹
234 2127 360 2198 πολλοῖς
374 2122 521 2207 άσκηταῒς
535 2129 687 2209 φυλακαῖς
706 2123 927 2208 ίναιιίκλεισεν,
948 2121 1025 2206 μεθ’
1047 2115 1091 2190 ὧν
1112 2124 1281 2211 Θεοφάνην
1301 2154 1332 2194 τε

232 2227 284 2292 καλ
309 2223 472 2311 Θεόδωρον
490 2226 564 2303 τοδς
584 2234 640 2309 τῆς
660 2225 847 2308 δρθοδοξίας
862 2225 1070 2303 συνσσπιστὰς
1087 2233 1254 2306 Σκυθικῶς
1268 2232 1331 2295 lm-

231 2332 434 2416 προσοιπείοις
449 2326 638 2416 διεγράψατο
660 2325 854 2412 κεντήμασιν.
905 2335 1046 2396 τοιαῦται
1061 2330 1100 2415 δὴ
1115 2333 1166 2396 καλ
1181 2340 1330 2398 τσσοῶται
1394 2335 1395 2342 ’

230 2433 265 2498 ul
293 2433 373 2499 κατά
401 2440 458 2518 τῆς
480 2433 633 2516 εὐσεβείας
656 2431 752 2496 αὐτοῦ
778 2430 909 2498 θάελλαι
932 2433 1155 2518 διενίσκηπτσν.
1210 2434 1249 2500 οδ
1269 2437 1363 2519 μὴνδ]

229 2533 309 2601 άλλίι
321 2538 373 2602 καλ
385 2543 530 2619 χειμῶνες
544 2538 651 2602 πολλοὶ
663 2533 737 2598 κατ’
755 2534 856 2620 ιὀίρος,
870 2537 1036 2622 δυσφορίαι
1051 2562 1083 2601 τε
1097 2538 1148 2600 καὶ
1160 2535 1329 2619 αάχμηρίαι
1393 2609 1394 2612 ¹

189 2651 213 2704 c
231 2641 281 2705 καί
295 2635 440 2705 σιτάδειαι
455 2643 488 2707 ἐκ
501 2641 701 2727 δυσκρασίας,
715 2641 833 2722 παλμοί
841 2642 931 2705 τεκαὶ
941 2638 1284 2725 δνσβρασμοὶγῇςκαθ
1293 2637 1328 2722 ἡ·
1393 2665 1394 2729 l

295 2823 322 2876 4.
339 2817 431 2889 ἥττων
447 2821 479 2876 la.
595 2821 659 2875 ibid.
678 2814 767 2873 αὑτοῦ
775 2818 786 2887 J
806 2815 901 2873 αδκῶν
917 2820 948 2873 L.
1062 2821 1104 2876 16.
1120 2815 1327 2890 ίεροσολυμὴτι·

296 2893 347 2958 δσς
363 2893 396 2946 λι.
499 2893 540 2949 18.
558 2886 604 2946 tat
622 2891 793 2959 προσιστίοις
810 2889 840 2945 [ι.

230 3044 298 3114 quod
321 3045 416 3098 lloreus
440 3050 526 3098 aetate
542 3063 573 3098 ac
589 3045 716 3098 felicitate
732 3052 802 3099 tants
820 3045 869 3098 iam
887 3045 921 3098 ab
938 3042 995 3098 istis
1011 3043 1167 3112 separabor,
1195 3044 1325 3112 multoque
1392 3050 1393 3098 ἶ

229 3115 311 3183 magis
328 3113 396 3184 quod
414 3115 447 3166 ab
464 3126 545 3166 uxore
561 3115 670 3167 liorenta
687 3115 792 3182 filioque
809 3116 955 3184 impubere,
973 3127 1079 3181 quorum
1095 3111 1221 3165 iacturam
1238 3114 1326 3179 utique

229 3191 257 3234 et
273 3193 333 3235 ante
351 3183 446 3236 obitum
466 3184 590 3250 deploro,
614 3201 661 3235 uec
678 3183 759 3234 minus
775 3192 860 3235 autem
877 3183 1014 3234 orbitatem
1031 3197 1115 3232 eorum
1137 3189 1197 3248 post
1214 3199 1294 3234 meum
1311 3199 1325 3233 e

229 3250 285 3302 vita
308 3252 455 3307 discessum.
491 3255 656 3320 Quapropter
677 3260 829 3303 mementote
850 3267 947 3318 quaeso
972 3249 1045 3300 liuius
1058 3247 1214 3301 novissimae
1229 3250 1325 3301 oratio·

230 3318 270 3371 nis
287 3331 441 3390 nostraeque
458 3339 521 3388 erga
538 3338 583 3374 ros
601 3337 678 3373 curae
695 3330 724 3373 et
740 3318 953 3380 mansuetudinis,
971 3333 1070 3384 proque
1087 3316 1128 3368 bis
1145 3317 1246 3369 reddite
1265 3316 1323 3369 mibi
1391 3381 1392 3390 ρ

229 3396 288 3458 post
305 3407 384 3441 meam
402 3403 506 3444 mortem
522 3389 720 3442 benivolentiam
737 3406 800 3456 erga
819 3389 904 3457 ipsos,
928 3384 1001 3453 quasi
1019 3401 1082 3451 erga
1100 3401 1139 3436 rue
1156 3385 1238 3451 ipsum
1255 3386 1322 3453 greti

229 3476 260 3510 ac
287 3457 352 3508 recti
378 3461 488 3512 allectus
512 3459 599 3512 oilicia
623 3459 775 3511 meditantes
801 3467 828 3510 et
850 3453 1021 3526 perficientes.
1056 3454 1115 3506 Non
1134 3455 1200 3505 enim
1218 3455 1324 3524 amplius

227 3543 275 3579 ros
292 3525 385 3576 videbo
403 3528 525 3593 posthac,
542 3547 592 3582 non
610 3529 705 3581 talibus
723 3529 863 3581 obsecrabo
880 3523 982 3588 verbis,
999 3539 1048 3576 nou
1065 3521 1145 3574 tantis
1159 3525 1322 3577 commovebo

226 3596 324 3648 animos
340 3601 440 3645 vestros
458 3597 695 3661 adhortationibus,
722 3615 771 3648 nou
788 3596 938 3649 obtestabor
955 3610 1010 3645 cum
1028 3589 1169 3644 lacrimis.’'
1204 3592 1268 3645 Post
1283 3602 1323 3644 ta-

226 3665 274 3716 lem
297 3662 460 3731 imperatoris
483 3664 658 3718 allocutionem
683 3665 778 3718 multus
805 3666 914 3718 eiulatus
937 3672 966 3716 et
987 3659 1095 3730 gemitus
1113 3668 1141 3712 et
1157 3659 1274 3731 ploratus
1290 3662 1321 3714 ab

225 3733 341 3787 omuibus
359 3733 491 3785 edebatur.

294 3803 358 3854 llum
375 3811 460 3854 'autem
478 3801 647 3852 conturbaret
663 3802 824 3870 'l'lreoplrllus
843 3800 975 3870 religionis
992 3797 1156 3866 tranquillum
1174 3816 1259 3859 mare,
1276 3813 1319 3848 ua·

224 3869 1147 3992 lintizi*titt:llssrfllilltllillll*ltll'ttftfln
1160 3867 1318 3989 itltttf

222 4009 311 4060 trachis
335 4010 360 4060 in
384 4027 514 4062 carcerem
540 3957 657 4071 incline,
684 4009 804 4076 interque
826 3962 871 4062 eois
893 4007 1077 4075 'l‘lrooplrenern
1102 4016 1130 4060 et
1147 4003 1316 4064 Theodorum,
1389 4033 1390 4072 l

223 4077 383 4129 orthodoxae
399 4079 459 4130 fidei
479 4079 644 4141 defensores,
666 4077 790 4145 Scythico
808 4097 878 4132 more
895 4077 920 4128 in
940 4075 1067 4128 lrorrtibus
1085 4072 1236 4140 conscripsit
1254 4088 1318 4138 puu-

224 4144 282 4196 ctis.
318 4145 399 4198 'l'ales
427 4155 566 4216 tantaeque
591 4146 721 4216 procellae
745 4147 802 4215 ipso
825 4148 956 4200 exultante
973 4145 1099 4198 adversus
1116 4140 1263 4209 religionem
1280 4139 1317 4191 in-

130 4214 132 4218 ’
223 4222 357 4280 grueruut.
393 4216 464 4277 Quin
488 4225 515 4270 et
538 4216 564 4268 iu
581 4233 643 4270 aere
660 4215 755 4268 hiemes
773 4221 990 4283 tempestatesque
1007 4213 1183 4271 suberrantes,
1209 4208 1317 4278 itemque

224 4288 252 4333 et
274 4280 423 4351 siccitates,
447 4293 476 4338 et
497 4286 604 4356 penuria
625 4284 664 4339 rei
684 4285 867 4340 frumentariae
891 4300 922 4336 ex
947 4282 1115 4354 intemperie,
1143 4278 1318 4332 coueussioues

1383 4395 1389 4709 l
