2817 4742
273 321 321 391 38
740 313 905 384 GENESII

270 482 440 565 τεόσαντός
451 511 485 555 τε
500 484 573 555 κατ’
589 484 689 554 atron
705 484 847 578 δλιγίστηε
868 488 994 575 στρατῷ
1008 484 1060 550 καί
1082 484 1117 550 ἓν
1130 486 1248 552 ποσῶν
1264 477 1369 550 πόλεων

242 628 244 632 ’
274 597 441 686 Θρρναιῶν
462 587 505 669 ὥς
524 586 765 676 συμμαχήσουσι
791 595 916 675 βασιλεῖ
940 588 1056 666 πίστεις
1083 584 1263 672 λαβόντος·
1300 582 1372 670 όμυς

269 692 388 774 ταότας
416 690 540 772 diutione
559 693 640 781 παρ’
661 693 752 762 οὐδὲν
770 695 910 780 θεμίνοεν
926 691 1048 774 αὐτῶν,
1076 691 1173 768 πολδς
1189 689 1208 758 δ
1222 685 1372 777 τόραννος

272 796 416 886 δ’γεγόνει,
441 801 492 865 καί
508 794 628 867 τούτων
642 797 861 886 προσρυένταν
874 795 972 888 alepi.
1024 801 1219 884 παραχρῆμα
1246 791 1266 860 ὁ
1289 799 1374 876 βασι-

272 903 344 980 λιδς
365 902 443 990 πρὸς
468 890 526 988 τὴν
545 899 634 969 πόλιν
654 898 836 985 όπονοστεῖ,
873 902 925 969 καί
947 897 991 977 ὥς
1012 901 1083 985 ἐνῆν
1106 899 1147 965 τό
1173 897 1253 966 κατ’
1286 895 1392 979 adtolit

272 1006 496 1095 ἀσφαλέστατα
522 1007 664 1086 διαθείς,
708 1006 797 1086 πεζόν
827 1003 895 1092 ἅμα
926 1006 979 1071 καί
1008 1003 1152 1071 ναυτικόν
1179 1001 1377 1088 συναθροίζει
1403 1016 1404 1074 l

270 1109 405 1199 στρατόν
422 1112 456 1177 ἐκ
469 1115 532 1181 τῶν
546 1108 621 1176 κατ’
636 1107 792 1195 ἀνατολὴν
807 1107 868 1195 ἤδη
883 1116 939 1176 τοῦ
953 1103 1134 1174 δποστιίτου
1150 1102 1377 1192 ὑποχωρήσαν-

232 1223 257 1279 0
272 1238 327 1292 τος
342 1210 421 1301 πρός
432 1239 466 1301 γε
478 1213 599 1301 βραχὺν
609 1210 725 1300 χρόνον
733 1219 789 1297 τῆς
800 1213 981 1300 τυραννίδος
997 1209 1253 1297 ἀπηλλαγμένων.
1288 1211 1378 1293 ἐνίησι

271 1318 306 1384 dl
322 1317 469 1400 βασιλεὺς
487 1319 614 1400 καὶπῦρ
631 1313 870 1404 πολεμιστήριον
885 1325 954 1393 ταῖς
969 1315 1064 1381 ναυσί
1067 1364 1077 1396 ,
1109 1317 1161 1381 καί
1175 1315 1236 1399 τὴν
1248 1315 1378 1398 σιδηρᾶν

270 1432 395 1506 σχοῖνον
414 1418 474 1485 ἀπ’
492 1416 687 1507 ἀκροπόλεως
706 1420 796 1507 μέχρι
821 1426 878 1488 τοῦ
896 1418 1035 1507 πέραθεν
1059 1420 1213 1506 φρουρίου
1228 1417 1394 1495 dolensem

272 1521 314 1602 τός
336 1521 376 1590 όν
397 1522 433 1591 τό
454 1522 534 1590 κατὰ
559 1524 617 1608 τὴν
643 1520 733 1590 πόλιν
752 1520 942 1609 καλοόμενον
968 1523 1069 1611 Κέρας
1082 1522 1127 1606 μὴ
1143 1524 1178 1588 ἔκ
1190 1527 1250 1589 τοῦ
1266 1517 1376 1588 στόλου

270 1633 333 1695 τῶν
350 1623 525 1695 ἀντιπάλου
538 1628 734 1713 πημαίνοιτο.
784 1632 815 1694 Γ
812 1623 957 1716 ρηγόριον
966 1626 1004 1694 δέ
1011 1675 1020 1704 ,
1046 1622 1143 1693 πόλοι
1154 1626 1214 1709 μὲν
1225 1622 1377 1712 χρημοτί-
1404 1625 1405 1682 l

271 1756 372 1799 σαντα
395 1726 588 1819 στρατηγόν,
617 1731 655 1820 δί
686 1732 789 1810 αἰτίας
809 1733 844 1798 δὲ
855 1737 981 1814 βασιλεῖ
992 1726 1138 1818 γεγονότα
1153 1731 1206 1795 καί
1219 1729 1273 1796 διὰ
1288 1732 1376 1794 τοῦτο

271 1837 315 1913 είς
330 1839 470 1922 Σκῦρον,
496 1838 572 1919 μίαν
585 1841 650 1902 τῶν
663 1833 840 1904 Κυκλάδων
855 1832 968 1920 νήσων,
995 1834 1250 1923 φυγαδευθίπα,
1277 1828 1378 1914 λοβόν

271 1934 505 2024 δόποστότης,
533 1935 588 2005 ἅτε
610 1938 650 2024 δὴ
673 1935 944 2029 προσχωρήσαντα
966 1937 1072 2029 αὐτῷ,
1096 1947 1275 2023 χειροτονεῖ
1284 1937 1405 2021 arpa-n

271 2038 426 2126 τεόματος
440 2038 574 2127 ἡγεμόνα
586 2043 707 2129 μυρίαν
720 2043 861 2130 ἀνδρῶν,
887 2045 940 2110 καί
953 2047 1066 2110 τοῦτον
1077 2037 1264 2128 πρόδρομον
1286 2034 1377 2104 αὖτοῦ

272 2144 353 2210 αατδ
373 2151 431 2228 τῆς
451 2141 678 2227 βασιλευούσης
697 2145 886 2232 προπίμπει,
921 2144 1002 2212 donn
1025 2144 1065 2228 δὴ
1084 2147 1135 2209 ναὶ
1148 2141 1264 2210 στόλον
1278 2142 1378 2209 ναυσί·

271 2254 335 2313 λαεν
351 2245 476 2334 ἀνδρῶν
481 2296 492 2329 ,
511 2249 566 2313 λ’να
581 2248 619 2332 δὴ
634 2246 732 2336 ἄμφω
746 2249 827 2315 κατὰ
840 2247 956 2315 ταύτόν
974 2250 1006 2314 ἓν
1023 2254 1063 2336 τῇ
1075 2247 1322 2314 Κωνσταντίνου
1334 2241 1379 2329 yl-

271 2377 374 2419 νοιντο
393 2347 489 2419 πόλει.
542 2353 595 2419 καί
612 2350 650 2435 δὴ
663 2352 764 2439 γίγονε
779 2358 872 2420 τοῦτο
888 2352 1005 2437 ταχίιος
1013 2400 1024 2433 ‚
1056 2347 1264 2429 συνελθόντες
1287 2341 1379 2429 όλλή·

272 2461 335 2530 λοις
353 2452 415 2520 ἀπό
430 2480 463 2521 τε
478 2460 536 2539 γῆς
551 2456 603 2520 καί
626 2451 791 2538 θαλάττης
813 2455 893 2520 κατὰ
907 2455 963 2530 τὰς
978 2449 1149 2538 Βαρβόσου
1167 2460 1226 2518 τοῦ
1240 2450 1379 2532 ποταμοῦ

235 2552 431 2639 ῡδκβολάς,
463 2554 537 2622 οὐδὲ
560 2562 617 2639 τῆς
641 2557 787 2642 σιδηρείας
811 2552 1017 2642 ίξαρκεσόσης
1041 2560 1146 2640 σειρᾶς
1169 2555 1313 2620 κωλῦσαι
1330 2550 1379 2636 τη“ν
1405 2567 1406 2648 l

272 2666 337 2726 τῶν
359 2660 514 2743 πολεμίων
542 2657 656 2747 ἴροδον
680 2660 805 2728 πλοίων.
858 2658 930 2746 μετ’
958 2657 995 2726 οδ
1009 2658 1089 2726 πολδ
1102 2658 1138 2724 δὲ
1152 2660 1204 2724 καὶ
1218 2654 1317 2735 oiseis
1330 2654 1379 2722 σόν

340 2878 367 2930 6.
384 2822 474 2941 πεζόν
486 2872 544 2946 ἅμα
555 2875 603 2932 ναί
613 2824 754 2931 cantandi
765 2874 797 2932 L.
852 2869 880 2933 ’8.
892 2875 981 2948 βραγτί
994 2872 1097 2948 χρόνον
1111 2875 1143 2930 L.
1198 2874 1242 2930 18.
1252 2870 1321 2928 κατ’
1335 2866 1379 2927 τόν

338 2940 390 3002 τὸν
410 2947 440 2999 λι.
544 2949 586 3002 19.
604 2947 771 3017 ταγαίοεςλι.

273 3148 458 3256 nznun
471 3131 1231 3275 nlnnnnnnnnninueniunt.
1245 3129 1381 3267 {nnn

272 3272 362 3337 tibus,
381 3289 473 3341 magno
490 3273 645 3329 incrementa
664 3276 736 3346 capit
752 3284 885 3345 tyrannus,
902 3221 944 3326 llis
961 3272 1039 3325 etiam
1056 3271 1089 3326 ed
1108 3289 1166 3324 eum
1184 3267 1380 3324 confluentibus

272 3340 368 3394 Statim
385 3341 466 3410 igitur
484 3343 624 3414 imperator
642 3346 669 3398 in
686 3347 775 3398 urbem
786 3341 945 3406 revertitur,
962 3346 1044 3410 etque
1061 3346 1090 3393 ut
1107 3341 1206 3394 licebet
1223 3354 1256 3390 ea
1274 3336 1381 3397 firmata,

273 3414 413 3462 terrestres
430 3410 504 3464 simul
520 3422 548 3468 et
571 3416 680 3469 uenales
696 3412 803 3482 collegit
819 3409 910 3481 copias
928 3427 960 3463 er
978 3409 1163 3475 orientalibus,
1188 3406 1235 3476 qui
1252 3412 1318 3476 post
1334 3405 1380 3458 dia·

274 3494 375 3532 cessum
393 3477 534 3533 desertoris
551 3481 602 3538 iam
619 3484 807 3554 aliquantisper
819 3477 958 3549 tyrannide
974 3479 1078 3534 liberati
1093 3485 1178 3539 erant.
1214 3474 1326 3528 Immisit
1338 3492 1381 3527 au·

274 3555 327 3601 tem
344 3545 487 3617 imperator
504 3550 582 3604 etiam
600 3552 686 3622 ignem
703 3551 823 3606 bellicum
842 3549 966 3613 navibus,
989 3557 1069 3619 atque
1086 3550 1197 3601 terream
1214 3551 1333 3597 catenam
1351 3544 1381 3596 ab

274 3633 338 3671 arce
355 3633 437 3691 usque
454 3616 481 3670 in
500 3620 633 3674 castellum
656 3639 689 3675 ex
715 3622 827 3674 adverso
844 3619 980 3684 extendit,
1005 3637 1038 3672 ne
1055 3616 1127 3670 urbis
1144 3615 1230 3668 Keras
1247 3613 1319 3683 quod
1337 3630 1381 3665 vo-

275 3694 352 3740 catur
369 3686 403 3754 (i.
422 3705 447 3742 e.
469 3686 572 3756 Cornu)
591 3691 623 3742 ab
640 3689 730 3744 hostili
743 3689 826 3742 classe
842 3687 1022 3742 infestaretur.
1057 3687 1140 3738 Porro
1158 3683 1327 3752 Gregorium,
1338 3680 1380 3749 qui

276 3755 336 3810 olim
354 3755 459 3827 quidem
477 3757 564 3810 fuerat
582 3758 634 3811 dux
651 3759 780 3824 militaris,
797 3757 843 3811 sed
861 3757 888 3812 in
906 3757 1076 3811 offensionem
1093 3752 1257 3824 imperatoris
1275 3759 1381 3804 venerat

275 3832 355 3894 atque
383 3827 418 3879 ob
441 3825 470 3879 id
495 3824 522 3878 in
544 3826 654 3897 Scyrum
677 3845 753 3881 unem
781 3845 814 3880 ex
840 3827 999 3898 Cycladibus
1022 3822 1112 3876 insulis
1134 3823 1265 3891 relegatus
1291 3821 1380 3880 iuerat,

275 3895 347 3948 hune
360 3894 468 3979 lmpuam
485 3903 578 3950 nectua
597 3899 731 3962 desertor,
750 3904 839 3966 utpote
859 3897 892 3952 ed
909 3897 992 3966 ipsum
1009 3910 1038 3947 se
1056 3892 1247 3954 conferentem,
1265 3888 1381 3959 praeficit

275 3964 406 4018 exercitur
423 3965 512 4020 decem
529 3968 599 4020 mille
617 3967 747 4030 virorum,
769 3976 848 4038 atque
866 3968 935 4019 huno
953 3979 1147 4033 praecursorem
1165 3979 1240 4016 suum
1258 3959 1379 4011 adversus

276 4033 470 4103 imperatoriam
489 4037 577 4090 urbem
598 4037 695 4101 mittit,
721 4035 795 4093 simul
812 4043 898 4090 eutem
915 4041 944 4088 et
961 4032 1066 4086 classem
1082 4032 1264 4099 canticumque
1282 4027 1378 4081 exerci-

277 4109 348 4166 tum,
374 4112 403 4156 ut
426 4107 500 4158 ambo
524 4108 614 4160 eodem
637 4115 754 4176 tempore
778 4101 1024 4172 Constantinopolin
1047 4103 1222 4173 pervenirent.
1265 4097 1299 4151 ld
1316 4095 1377 4168 quod

278 4170 331 4223 cito
351 4172 486 4228 admodum
515 4177 612 4231 lactum
634 4176 710 4240 luit,·
726 4193 782 4230 cum
800 4174 983 4230 convenissent
999 4179 1071 4227 terra
1087 4172 1204 4240 merique
1221 4165 1254 4220 ad
1272 4165 1377 4236 Barbysi

278 4239 354 4293 lluvii
379 4242 464 4307 ostia,
487 4262 574 4316 neque
598 4249 686 4300 terrea
709 4246 754 4300 illa
771 4255 866 4300 eatena
883 4243 1007 4298 valuisset
1024 4243 1164 4314 prohibere
1181 4237 1320 4291 adventum
1336 4253 1377 4289 na·

276 4309 344 4363 vium
364 4311 501 4366 hostilium.
538 4316 596 4395 Nec
620 4319 698 4370 multo
728 4323 788 4386 post
805 4316 862 4385 ipso
887 4312 963 4368 etium
981 4331 1037 4368 cnm
1056 4311 1194 4381 octoginta
1209 4307 1322 4363 millibus
1336 4307 1377 4360 nd-
