2817 4742
243 344 289 415 10
715 342 861 412 raom

239 514 274 581 δέ
294 512 430 600 Πέρσαις
453 513 627 602 mammos.
679 515 889 598 Κομεντέολος
902 516 938 583 δέ
953 514 1074 591 σταλεὶς
1089 512 1149 582 ἀπὸ
1165 522 1221 583 τοῦ
1234 524 1330 600 βασι-

238 618 314 695 λέως
327 613 383 703 τήν
397 642 430 685 τε
445 614 553 685 στάσιν
567 612 739 698 κατευνάζει
751 621 803 685 καλ
816 614 994 701 Σαββάτιον
1005 620 1049 696 rie
1065 616 1234 700 Βυζάντιον
1246 620 1329 706 ἀγει·

237 718 255 790 ὅ
271 724 306 789 δέ
320 720 444 807 θηρέοες
454 719 537 805 βορά
551 720 694 807 γενέσθαι
718 719 965 803 καταδικάζεται,
990 724 1209 814 φιλανθρωπέηι
1222 725 1328 805 δὲβα-

238 830 338 913 σιλικῇ
357 828 414 891 τοῦ
433 820 573 892 θανάτου
597 821 772 891 ἀπολέεται.
821 821 990 910 Ὁρμέσδας
1017 826 1052 891 δέ
1072 823 1224 912 Σαράμην
1247 826 1327 891 κατά

237 926 353 1015 Βαράμ
373 924 568 993 ἀποστέλλει·
593 925 709 1012 Βαράμ
728 927 763 992 δέ
780 923 866 1013 μάχη
887 925 1014 1012 νικήσας
1031 924 1183 1013 Σαράμην
1198 927 1348 1017 dirotini-5

237 1057 300 1098 τοιν
319 1028 419 1117 βοράκ
440 1024 623 1112 έσοιήσατο,
650 1032 701 1095 καλ
718 1027 897 1115 ἀναφανδὸν
908 1030 987 1096 κατὰ
995 1028 1148 1114 Ὀρμέσδα
1163 1028 1327 1119 τἰαρατάσ-

237 1159 331 1201 σεται.
385 1128 457 1199 ὁδέ
475 1132 591 1217 Βαράμ
612 1132 660 1197 dni
685 1138 816 1199 τοσοῦτο
834 1128 926 1217 δόξης
946 1126 985 1216 ήν
1009 1134 1188 1219 κεχωρηκάς
1211 1138 1281 1223 πρὶν
1304 1133 1325 1218 ἢ

235 1242 398 1322 μελετῆσαι
417 1234 458 1301 rai
479 1241 535 1321 τῆς
557 1234 767 1317 ἀτιοστασέας,
793 1232 836 1313 ὥς
848 1233 927 1319 μετά
942 1261 974 1322 γε
987 1238 1118 1319 βασιλέα
1133 1238 1252 1322 μηδένα
1264 1244 1326 1304 τῶν

236 1337 361 1407 πάντων
384 1338 507 1422 μείζονα
529 1333 623 1416 δόξαν
643 1337 720 1422 ἔχειν
740 1336 858 1404 αάτοδ·
884 1338 981 1427 δγάρ
1003 1337 1327 1432 κουροτταλάτηνῘΡον-

235 1452 322 1528 μαέοι
344 1446 490 1519 καλοῦσι,
517 1435 633 1523 ταύτης
646 1437 786 1524 ἀπήλασε
799 1448 855 1523 τῆς
866 1448 966 1527 τιμῆς.
1018 1442 1221 1529 έμτιερεέχεται
1235 1446 1270 1509 δὲ
1281 1449 1326 1533 τῷ
1334 1457 1361 1508 10

236 1542 316 1633 λόγῳ
336 1545 387 1609 καλ
407 1540 567 1628 ἀναδρομή
581 1548 644 1609 τάν
659 1539 916 1629 συγκυρησάνταιν
933 1546 1002 1629 περὶ
1015 1546 1089 1623 rode
1101 1547 1325 1633 πρεσβυτέρους

236 1643 380 1736 χρόνους,
408 1648 457 1711 καλ
476 1643 629 1729 σύντομος
642 1642 794 1733 ἀφήγησις
807 1652 870 1713 τῶν
888 1646 1087 1729 κεκινημένων
1104 1650 1153 1713 διεδ
1164 1655 1220 1733 τής
1233 1657 1324 1732 βασε-

236 1752 318 1829 λεέας
334 1748 501 1816 Ἰονστένου
522 1751 574 1815 καλ
594 1753 739 1835 Τεβερίου
760 1754 822 1815 τῶν
842 1745 1093 1835 αὐτοκρατόρων,
1118 1753 1169 1814 καὶ
1185 1754 1254 1836 περὶ
1270 1757 1324 1834 τῆς

236 1848 397 1937 ὠμότητος
412 1848 581 1935 Ὀρμέσδοο
605 1858 662 1919 τοῦ
687 1858 820 1938 Περσῶν
838 1853 990 1936 βασιλέως
996 1901 1007 1933 ,
1034 1855 1086 1920 καλ
1101 1858 1157 1938 τῆς
1170 1857 1324 1940 Περσικῆς

234 1956 407 2042 γενεαργέας
420 1949 581 2039 ἀφήγησις.
633 1961 733 2020 ταῦτα
747 1956 805 2038 μέν
819 1959 869 2021 καλ
887 1953 1030 2042 ὅτρέτος.
1330 1970 1358 2024 15
1387 1977 1388 1980 ’

335 2056 384 2127 4.’
418 2052 455 2122 ‘0
470 2056 503 2121 δὲ
518 2056 664 2139 τέταρτος
682 2056 885 2140 διαλαμβάνει
898 2056 980 2136 ὅπως
997 2085 1029 2125 τε
1042 2055 1208 2145 Πέρσαιςὸ
1225 2053 1323 2146 έμφά-

234 2168 298 2238 λεος
318 2155 497 2245 έκρατάνετο
521 2156 670 2242 πόλεμος,
691 2161 742 2224 καὶ
764 2157 823 2225 ὅσα
846 2158 1031 2246 συνεκύρησε
1046 2162 1125 2228 κατά
1141 2162 1198 2246 τήν
1211 2187 1323 2248 τυραν-

233 2266 302 2331 νέδα
316 2262 431 2351 Βαράμ
449 2258 584 2349 τράιταεά
600 2287 632 2329 τε
649 2264 699 2328 καὶ
715 2258 927 2347 τάτυχήματα·
955 2268 1006 2328 καὶ
1022 2262 1042 2346 ή
1059 2271 1115 2330 τοῦ
1133 2262 1323 2349 Φερεχάνους
1388 2251 1389 2306 Ῑ

234 2366 385 2453 ἀναέρεοις
405 2368 456 2431 καλ
478 2362 498 2450 ή
522 2364 691 2451 Ζαδέσιιρα
712 2362 943 2454 προοχῶρησις,
967 2364 1050 2441 ὅπως
1068 2392 1100 2431 τε
1115 2364 1176 2433 ἀπὸ
1191 2363 1322 2432 Βινδάου

234 2476 428 2556 καθαιρεῒται
449 2474 505 2552 τής
525 2471 684 2551 βασιλείας
705 2468 894 2555 Ὁρμιόδας,
933 2466 1016 2545 ὅπως
1036 2494 1069 2534 τε
1089 2465 1184 2556 ᾔτησε
1202 2470 1358 2550 δέσμιοςεο

233 2571 278 2639 dr
298 2576 510 2658 δημηγορῆσαι
517 2620 528 2652 ,
554 2574 605 2637 καὶ
625 2569 667 2648 ὥς
685 2574 868 2658 δημηγορεῖ,
895 2570 980 2649 ὅπως
994 2598 1026 2639 τε
1040 2567 1173 2655 Βινδόης
1188 2573 1322 2655 δημηγο-
1389 2587 1390 2614 ³

234 2684 297 2759 pei,
325 2678 375 2740 atui
395 2670 621 2763 κατασφάζεται
644 2671 773 2741 ένῶτιιον
784 2672 936 2761 Ὁρμέσδα
950 2673 967 2741 d
982 2686 1053 2752 παῖς
1070 2678 1121 2739 καὶ
1136 2676 1322 2759 τεμοχέζεται

233 2775 253 2860 ti
275 2780 416 2861 βασιλές,
443 2782 493 2843 καλ
514 2784 685 2865 τυφλοῦται
708 2782 759 2844 καὶ
776 2778 871 2855 odric
886 2776 1072 2860 Ὀρμέσδας·
1093 2775 1177 2853 ὄντας
1190 2803 1223 2841 τε
1235 2775 1322 2841 ἀστε-

234 2906 289 2967 ρον
313 2879 373 2948 διεδ
392 2887 448 2948 τοῦ
469 2882 579 2959 παιδὸς
597 2877 763 2970 Χοσρόου,
791 2881 827 2949 ἀν
849 2878 1017 2967 ἐστήσαντο
1038 2880 1160 2968 Πέρσαι
1181 2879 1320 2962 βασιλέα,

234 3152 263 3199 et
278 3144 312 3198 od
330 3144 423 3199 Portas
439 3144 552 3201 deiicere
573 3146 724 3200 instituunt.
757 3147 848 3201 σείεται
864 3150 898 3201 ab
914 3149 1070 3219 imperatore
1087 3148 1266 3201 Domenaioiua
1282 3154 1322 3199 tu-

234 3216 337 3269 inultum
354 3216 443 3280 sedat,
461 3225 489 3269 et
505 3216 664 3285 Symbntium
683 3216 930 3286 Conamminopoiim
947 3219 1033 3270 ducite
1052 3219 1095 3270 ubi
1112 3218 1241 3270 sententia
1256 3215 1322 3267 iudi-

233 3301 289 3339 eum
307 3301 323 3338 a
339 3284 429 3338 bertiia
440 3284 600 3338 dilaniandus
622 3284 783 3353 benignitate
799 3293 827 3338 et
844 3287 979 3340 elementia
1002 3287 1164 3355 imperatoria
1186 3300 1320 3336 conserva-

234 3361 285 3407 tur.
320 3354 443 3408 Soranum
460 3357 493 3408 ab
511 3354 646 3408 Hormiuda
670 3364 761 3408 onartra
786 3372 816 3407 ae
839 3354 941 3408 missum
969 3356 1093 3409 Veromns
1119 3353 1247 3423 potentior
1270 3352 1322 3402 eie·

234 3424 331 3493 pirunto
350 3424 448 3478 obiicit.
483 3425 618 3488 Varamos,
635 3424 678 3495 qui
694 3432 830 3493 antequem
846 3424 1017 3477 deiectionem
1034 3424 1209 3482 meditaretur,
1227 3437 1258 3472 eo
1276 3420 1322 3470 ito-

233 3492 303 3544 noria
321 3500 347 3543 et
364 3494 526 3547 auctoritatis
552 3501 715 3562 processerat
741 3501 772 3546 nt
794 3493 871 3546 facile
887 3495 1018 3546 secundus
1035 3512 1051 3547 u
1068 3510 1130 3559 rege
1148 3498 1321 3540 numeraretur

232 3559 377 3628 (siquidem
389 3563 574 3630 Curopalotae,
592 3572 621 3614 ut
640 3562 745 3615 Romani
762 3570 865 3627 vocant,
883 3564 1061 3634 ningiatratum
1076 3558 1217 3627 gerebat),
1234 3564 1322 3627 aperte

232 3630 289 3696 regi
313 3629 405 3681 beiinm
431 3630 502 3682 tacit
537 3632 657 3698 repetitio
680 3648 764 3684 rerum
785 3632 936 3684 vetustioris
953 3631 1082 3682 cuiusdam
1099 3626 1249 3690 memoriae,
1276 3645 1321 3694 ge-

231 3708 379 3767 storumque
396 3696 532 3751 adversum
555 3700 649 3753 Persas
672 3701 769 3754 iustine
795 3711 822 3753 et
839 3702 946 3753 Tiberio
970 3700 1048 3765 impp.
1066 3696 1246 3764 compendiosa
1263 3713 1322 3748 ner-

231 3766 308 3888 ἱστία.
348 3766 501 3821 Hormisdou
525 3767 596 3835 regis
618 3770 754 3823 Persarum
778 3770 924 3823 crudelitas.
964 3765 1096 3835 principes
1117 3764 1232 3819 [emiliae
1254 3765 1320 3834 apud

255 3853 334 3890 eruar.

272 3964 275 3971 ,
301 3905 326 3959 4.
348 3905 460 3959 'Helium
483 3904 559 3958 civile
579 3904 646 3958 inter
668 3907 763 3959 Persae
780 3908 860 3960 robur
876 3904 986 3957 ualidum
1003 3902 1125 3970 acquirit.
1160 3902 1264 3955 Vtrami
1281 3906 1322 3969 ty·

233 3974 307 4026 renni
325 3975 444 4059 prosperi
460 3992 603 4029 successus.
638 3975 813 4029 Pheroebanis
836 3974 984 4026 trucidatio.
1019 3971 1169 4043 thesprae
1186 3972 1218 4025 ad
1235 3973 1321 4023 boatea

233 4043 361 4098 transitio.
396 4044 544 4099 Hormisdou
561 4062 577 4095 n
594 4042 692 4095 liindoe
708 4062 789 4111 regno
815 4044 967 4096 deturbatus
990 4060 1005 4094 e
1031 4042 1139 4095 viucuiia
1156 4039 1320 4094 concionandi

232 4110 380 4167 facultatem
405 4114 540 4184 impetrat,
563 4113 589 4165 in
613 4130 686 4181 quem
704 4114 817 4165 Biodoeo
834 4111 951 4183 asperius
968 4112 1048 4163 rerba
1065 4112 1136 4164 iecit.
1169 4110 1321 4161 Hormisdou

231 4178 299 4232 sriius
321 4182 403 4234 minor
426 4192 486 4237 ante
508 4183 595 4237 oculos
618 4180 700 4251 patris
722 4188 862 4242 mactatur,
897 4181 988 4254 regina
1011 4181 1140 4233 frustatim
1164 4179 1319 4231 dissecatur:

233 4246 290 4316 ipse
308 4252 446 4303 terebratis
462 4252 595 4304 inminibus
612 4258 743 4311 caecatur,
760 4249 969 4318 postmodumque
987 4265 1003 4302 a
1019 4251 1135 4303 (δέεαι-τοο
1147 4248 1200 4299 filio
1214 4247 1321 4308 seniore,

235 4332 309 4385 quom
324 4318 375 4371 aibi
391 4337 478 4388 regem
494 4322 591 4375 Persae
606 4320 753 4389 elegerant,
775 4319 900 4374 iuatnario
916 4318 1080 4373 interimitur.
1114 4316 1218 4371 Vareni
1233 4322 1319 4385 tyran-
