2817 4742
346 374 637 443 fflsuomumnt
660 374 716 447 111.
743 378 778 447 7.
804 378 840 449 8.
1085 380 1158 451 129

66 548 119 623 τῆς
142 543 176 609 δὲ
199 538 329 621 διώξεως
347 540 480 629 μεγάλης
502 549 552 613 καί
575 542 801 631 ἔπισημοτάτης
821 542 882 612 ἀπό
910 551 968 613 τοῦ
983 542 1155 628 Ῥωμαΐιωῦ

66 643 286 729 προελθούσης,
309 649 486 733 συναπίσβη
501 650 580 732 μετὰ
591 658 647 717 τοῦ
661 648 763 737 τόφου
778 657 822 739 τῷ
840 650 955 735 Βαρόμ
967 653 1019 715 καί
1032 648 1052 735 ᾗ
1065 648 1153 736 τόχη.

67 759 127 823 τοῖς
142 751 198 831 μὲν
213 742 267 815 criu
281 749 320 815 τό
337 758 393 833 τῆς
412 750 611 838 ἀποδράσεως
633 750 829 840 ίκρατόνετο,
857 750 976 819 τοότων
991 754 1026 819 δί
1041 753 1082 819 τά
1097 761 1154 822 τοῦ

67 848 205 935 δρόσους
218 849 259 928 ἀς
273 852 345 928 ἴπος
365 856 457 919 είπεῒν
470 853 643 938 όμηκόνετο.
698 858 729 921 oi
743 857 777 921 δί
789 862 851 921 τῶν
865 861 998 942 Περσῶν
1018 862 1153 923 τεθνεῶ-

46 970 114 1030 5τες
136 953 402 1038 λωποδυτοόμενοι
432 959 482 1021 καί
504 965 608 1045 παρῆς
629 958 829 1047 ἀμοιροῐντες
850 968 915 1035 τοῖς
938 954 1154 1045 ἐντυγχάνουσι

66 1059 184 1143 θηρίοις
198 1055 331 1135 ἕοτίασις
344 1052 382 1141 ἦν
397 1058 605 1143 αὐτοσχέδιος.

164 1162 199 1229 8.
253 1167 363 1228 Ταῦτα
385 1164 527 1248 διαγνοός
545 1162 562 1231 ὁ
578 1162 765 1249 Ὁρμίσδας,
787 1165 839 1229 καί
858 1162 895 1229 τό
913 1168 976 1229 τάν
989 1158 1190 1246 dropped-c

66 1286 123 1326 των
145 1262 182 1327 ori
205 1261 307 1349 φόρων
333 1262 474 1348 κομψόν,
501 1270 672 1350 αίσχίσταις
690 1265 798 1352 ὕβρεσι
816 1269 870 1331 τόν
888 1264 1004 1350 Βαράμ
1025 1266 1152 1343 tioudi-

66 1388 151 1447 νησε,
187 1372 358 1449 γυναικείας
385 1367 524 1451 ἐσθῆτας
547 1356 676 1435 Ιίνιαδλα
697 1377 754 1453 τῆς
776 1368 901 1446 ἀδοξίας
920 1365 1152 1455 κληροδοτῆσας

32 1483 60 1535 10
68 1467 164 1557 αὐτῷ·
190 1472 240 1532 roi
254 1470 316 1551 μὴν
329 1474 379 1535 καί
394 1478 449 1555 τῆς
463 1475 648 1559 στρατηγίας
662 1469 920 1555 ἀπεχειροτόνησε,
946 1478 1038 1536 τοῦτο
1050 1468 1152 1556 γράμ-

65 1594 136 1649 μασι
150 1576 321 1650 βασιλικοῖς
334 1572 558 1659 ιγηηισόμενος.
610 1574 736 1661 ἀρχεται
753 1575 785 1639 δ’
803 1578 947 1640 ε’ντεῦθεν
962 1571 1087 1655 Μήδοις
1100 1576 1152 1637 καί

65 1669 80 1737 ό
94 1671 234 1755 πόλεμος.
261 1675 495 1757 ἀντευτελίζεται
508 1678 566 1765 γδρ
580 1675 639 1745 cinci
653 1686 709 1744 τοῦ
723 1684 896 1762 στρατηγοῦ
910 1680 961 1739 καὶ
971 1673 1150 1758 Ὁρμίσδας,

65 1774 98 1839 όν
120 1779 249 1858 βασιλέα
269 1784 402 1864 Περσῶν
424 1780 542 1865 ε’γνάκει
568 1783 606 1846 rui
622 1778 801 1863 πράγματα.
850 1777 891 1842 τό
910 1778 945 1842 δὲ
963 1784 1019 1862 τῆς
1031 1776 1152 1863 ὕβρεως

66 1876 253 1945 ἀντετυπεΐτο
268 1893 332 1955 τοϊς
347 1880 504 1966 γράμμασι
512 1931 522 1961 ,
546 1886 595 1947 καὶ
609 1883 645 1947 οὗ
661 1892 734 1958 παῖς
748 1880 828 1947 ἀλλά
846 1876 991 1965 θυγάτηρ
1003 1879 1150 1965 Χοσρόου

32 1994 58 2047 15
66 1980 169 2056 ίκεΐνος
185 1980 354 2068 Ὁρμίσδας
378 1983 473 2059 αὐτὸς
490 1986 537 2049 ini
554 1995 622 2059 ταῖς
637 1984 839 2070 ἀντιγραφαῖς
854 1981 1150 2069 προπηλακιζόμενος

65 2082 265 2168 ε’νεγίγραπτο.
317 2083 376 2169 πρό
398 2111 479 2162 τινος
500 2088 534 2152 δὲ
553 2085 671 2152 τοότων
686 2088 819 2170 βραχίος
834 2093 942 2169 καιροῦ
957 2086 986 2149 oi
999 2092 1150 2169 γειτνιῶν-

65 2210 111 2260 τες
132 2187 206 2271 πρός
231 2194 270 2273 τῇ
292 2192 422 2273 Περσίδι
438 2188 605 2271 Ἀρμίνιοι,
630 2186 865 2278 ἀποπεισθίντες
884 2183 943 2252 aiud
964 2194 1055 2252 τινῶν
1070 2184 1145 2253 Ῥω-
1161 2205 1187 2258 Ι)

64 2290 158 2365 μαίων
185 2289 323 2370 ἀνδρῶν,
355 2289 544 2354 ἀποστασίου
567 2292 760 2371 ξυνωμοσίαν
783 2290 921 2355 διέθεντο
942 2292 993 2353 καί
1014 2289 1090 2375 πρός
1110 2290 1149 2357 τό

64 2389 202 2471 Μηδικόν
225 2390 406 2472 αὐτομολεῖν
427 2394 617 2476 ἐνεχείρησαν
624 2440 635 2473 ,
663 2390 925 2477 δολοφονήσαντες
945 2391 999 2457 τόν
1016 2390 1148 2458 ἀπὸτοῦ

32 2489 286 2577 Ξοαότοκράτορος
306 2491 439 2578 ἡγεμόνα
454 2502 510 2577 τῆς
521 2495 679 2579 Ἀρμενίας
693 2492 868 2580 γενόμενον,
885 2490 1027 2579 Ἰωόννης
1047 2493 1147 2573 ὄνομα

65 2592 153 2684 αὐτῷ.
203 2600 254 2660 καί
275 2598 307 2661 ἓν
328 2595 414 2686 σόλῳ
437 2605 499 2663 τῶν
521 2596 711 2683 πραγμάτων
724 2604 778 2681 τῆς
790 2597 947 2682 Ἀρμενίας
964 2595 1148 2663 ἀποκλινόν-

64 2720 138 2775 των,
163 2694 179 2763 ό
204 2698 404 2784 αάτοκράτωρ
428 2704 604 2786 Μαυρίκιος
624 2702 848 2784 Δομεντζίολον
868 2698 967 2786 ἀνδρα
982 2706 1145 2786 περιφανῆ,

65 2797 231 2883 primicerio
251 2826 284 2867 τε
306 2806 356 2867 καὶ
378 2806 420 2878 είς
444 2802 613 2888 συγκλήτου
635 2804 751 2887 βουλὴν
770 2806 803 2868 ίν
822 2804 1144 2887 τοΐςκορυφαιοτίροις
1160 2812 1186 2867 V
1203 2810 1252 2867 185

64 2900 295 2985 προλάμιιοντα,
324 2908 365 2981 εἰς
389 2907 444 2987 τὴν
465 2907 623 2993 Ἀρμενίαν
643 2907 794 2989 ἐκπέμπει.
843 2903 932 2991 ἀμόν
946 2897 1145 2991 οάνίγκοπὴν

65 3104 183 3166 perteret,
206 3105 235 3154 et
251 3098 359 3154 Romani
381 3117 473 3171 magna
489 3106 567 3172 atque
584 3102 676 3155 eximie
692 3102 871 3173 persecutione
881 3100 1046 3171 ¹fugientibus
1062 3100 1146 3155 insta-

64 3176 129 3232 rent,
152 3170 255 3222 Varami
274 3170 385 3223 ieiicitaa
402 3188 458 3223 cum
475 3172 530 3224 eius
545 3173 614 3225 tastu
629 3180 656 3226 et
672 3171 808 3224 insolentia
824 3172 939 3225 extincta
955 3180 1003 3223 est.
1038 3179 1066 3223 et
1087 3170 1147 3223 itto-

64 3250 111 3288 rnm
128 3238 228 3307 quidem
245 3240 308 3305 iuga
326 3239 518 3305 invalescebat,
535 3242 623 3293 horum
641 3250 726 3293 autem
743 3240 862 3305 audacia,
879 3240 957 3294 utita
969 3240 1066 3301 dicant,
1082 3256 1145 3308 pro·

66 3307 203 3361 ducebatur.
238 3323 347 3375 corpora
370 3306 506 3361 Persarum
528 3309 734 3379 interemptorum
751 3310 863 3379 apoiiata
879 3309 969 3363 bestiis
984 3306 1144 3361 occurrenti·

65 3372 104 3424 bur
121 3378 194 3446 epnio
213 3382 409 3444 ertenuporaneo
426 3377 538 3429 fuerunt.

121 3446 145 3497 8.
180 3447 254 3498 Haec
271 3444 315 3496 ubi
332 3443 423 3495 didicit
440 3445 600 3507 Hormisdas‚
616 3444 770 3513 ignominiae
788 3461 820 3496 ex
836 3442 976 3497 infortunio
992 3442 1075 3495 iabem
1092 3459 1143 3497 oon

65 3511 181 3565 sustinens
201 3516 334 3566 Varomum
351 3514 445 3582 probro
462 3514 608 3583 turpissimo
626 3514 769 3577 deformat,
785 3523 871 3565 restes
889 3514 1024 3565 muliebres
1039 3512 1065 3563 io
1084 3529 1144 3581 pre·

65 3579 115 3632 tium
137 3583 267 3634 contracti
291 3582 423 3636 dedecoris
441 3582 474 3633 ad
492 3600 548 3635 eum
566 3581 677 3635 mittem.
712 3582 774 3650 quin
798 3582 876 3635 etiam
895 3583 1082 3650 praefecturam
1100 3598 1143 3633 re·

65 3648 106 3713 giis
122 3649 214 3703 litteris
232 3652 413 3720 comprehenso
431 3652 536 3705 decreto
554 3652 635 3704 eidem
652 3653 776 3719 abrogat3
798 3652 865 3703 unde
881 3651 947 3704 inter
963 3650 1032 3715 ipsos
1050 3651 1144 3701 Persas

64 3717 128 3772 civile
143 3720 236 3771 beilum
255 3721 366 3772 emersit.
400 3720 493 3772 etenim
511 3723 563 3773 dux
580 3738 679 3790 regem,
697 3737 745 3789 par
760 3722 893 3786 reterens,
911 3718 1023 3787 despicit
1039 3736 1070 3770 ac
1087 3718 1145 3769 viii·

64 3788 148 3848 pendit
182 3788 228 3840 aed
245 3789 401 3857 despicotum
418 3789 487 3841 iiium
507 3792 605 3859 scripta
622 3791 731 3859 epistota
747 3791 896 3854 remetitur,
919 3787 945 3839 in
961 3787 1034 3839 cuius
1050 3803 1144 3855 auper-

64 3857 104 3905 ταὶ
123 3858 190 3910 tione
208 3858 342 3911 Ciuosroae
359 3874 409 3911 non
425 3856 502 3909 iiiiam
520 3863 567 3911 aad
584 3859 660 3911 iiiiam
678 3858 766 3909 iniami
784 3857 903 3911 irrisione
919 3856 1036 3907 nominat.
1066 3870 1142 3924 porro

65 3876 128 3983 noui>
144 3932 204 3979 ante
222 3943 296 3995 quam
315 3928 380 3979 haec
397 3926 561 3989 acciderent,
583 3928 692 3979 Armenii
712 3928 846 3978 Persarum
863 3924 962 3977 finitimi
982 3926 1141 3991 quorundam

66 3988 218 4047 Romanorum
242 3997 403 4050 sermonibus
425 3996 522 4048 inducti
540 3996 692 4048 deiectionis
709 3996 908 4048 coniurationem
925 3994 1054 4056 iecerunt,
1077 3994 1142 4045 iam-

64 4073 104 4121 que
128 4063 236 4129 Ioanne,
261 4082 335 4134 quem
360 4066 491 4117 Armeniae
516 4074 659 4133 praetorem
682 4065 822 4131 imperator
844 4064 965 4127 dederat,
991 4078 1038 4129 per
1055 4062 1141 4115 dolum

65 4127 197 4196 trucidato,
222 4150 278 4186 cum
302 4133 390 4185 Peraia
413 4151 470 4187 sese
491 4134 645 4200 coniungere
662 4134 838 4185 instituebant.
874 4148 979 4199 cumque
996 4131 1063 4182 iiiior
1081 4150 1142 4201 pro·

66 4194 152 4248 vinciae
168 4210 253 4255 statua
271 4204 297 4254 in
314 4204 406 4255 mediis
421 4209 600 4272 tempestatum
618 4202 738 4254 fluctibus
755 4208 917 4265 uersaretur,
934 4199 1077 4252 Mauricius
1094 4202 1142 4253 im·

65 4273 156 4328 perator
173 4267 380 4339 Domenzioium,
406 4272 486 4324 virum
511 4271 724 4341 spectatissimum
740 4272 841 4340 sibique
857 4286 978 4340 perquam
996 4285 1081 4321 carum
1098 4276 1140 4322 at·

65 4332 189 4467 qitfflter
213 4341 341 4407 primores
363 4339 523 4398 consiliarios
545 4339 726 4411 conspicuum,
747 4341 776 4395 in
792 4338 935 4397 amentem
951 4338 1071 4410 capedit3
1094 4337 1140 4409 qui

149 4416 311 4485 opmmerm.
914 4414 934 4473 9
