2817 4742
238 329 312 403 304
356 378 360 397 .
619 332 939 401 THEOPHYLAGTI

235 512 301 579 τοῖς
321 503 455 587 ίτησίαις
477 500 616 579 ἐναντίας
633 501 807 588 κεκτηιιίνοι
825 502 883 579 τάς
899 502 1029 586 ε’κβολάς
1044 500 1083 567 ἀν
1095 502 1257 569 ἐποιοῦντο
1273 506 1334 587 τὴν

235 602 346 688 δμοίαν
368 601 529 687 ἀνάβασιν.
577 604 783 691 Ἀναξαγόρας
797 607 833 671 tt
848 602 865 673 δ
881 600 1182 692 προσαγορευόμενος
1194 608 1335 693 φυσικός

236 709 293 792 τὴν
306 707 474 792 τηκομίνην
488 708 568 774 κατά
581 709 639 793 τὴν
650 712 826 776 Αίθιοπίαν
837 705 927 793 χιόνα
945 716 1001 793 τῆς
1019 716 1075 776 τοῦ
1090 716 1229 791 ποταμοῦ
1244 718 1335 793 πλη-

237 809 358 898 ριόσεως
377 808 523 896 ῦπάρχειν
542 813 643 877 αίτίαν
657 809 819 889 ἐδόξασεν·
845 803 970 901 ᾧκαδῦ
989 812 1216 901 τραγῳδοποιός
1227 813 1334 896 Eripe-

130 920 157 974 Υ
172 922 224 976 268
240 915 331 996 πίδης
342 912 523 997 πειθόμενος
535 916 567 979 ἓν
579 926 643 991 τοῖς
658 912 769 981 ἑαυτοῦ
783 912 931 999 ποιήμασι
945 923 1038 982 τοῦτο
1053 917 1224 999 συντίταχε.
1248 912 1356 981 ταῦ-6

236 1042 293 1101 τηιι
305 1017 361 1096 μίν
374 1010 429 1083 οῦν
442 1018 498 1100 τὴν
513 1017 668 1084 ἀντίθεσιν
689 1016 726 1086 οδ
745 1022 859 1101 πολλῆς
873 1018 1057 1096 ἀντιθέσεως
1071 1022 1199 1084 δεῖσθαί
1209 1045 1332 1105 φαμεν,

236 1126 373 1206 φανεροῦ
393 1126 591 1198 καθεστῶτος
611 1130 668 1187 τοῦ
691 1117 844 1205 ψεῦάους·
871 1120 923 1188 διά
943 1123 1003 1207 γάρ
1022 1122 1079 1206 τὴν
1098 1118 1254 1206 ῦπερσχὴν
1267 1130 1335 1187 τιῦν

197 1230 222 1283 Ι)
237 1220 403 1305 καυμάτων
416 1220 569 1289 ἀδυνάτον
580 1221 670 1308 χιόνα
683 1227 750 1311 περὶ
766 1225 822 1307 τὴν
834 1220 1007 1290 Αίθιοπίαν
1020 1228 1242 1291 συνίστασθαι·
1273 1253 1336 1291 κα-

236 1323 336 1391 θόλου
355 1326 415 1410 γάρ
436 1330 504 1409 περί
527 1327 601 1403 τοάς
618 1325 732 1404 τόπους
753 1328 884 1405 ἐκείνους
898 1326 934 1393 οῦ
949 1324 1061 1411 πάγος,
1089 1327 1126 1392 οῦ
1141 1334 1242 1411 ψῦχος
1257 1328 1335 1394 crire

237 1426 317 1503 ὅλαις
336 1434 486 1511 χειμῶνος
506 1428 639 1516 ἔμφασις
662 1432 793 1515 ulmeus,
823 1433 873 1495 καί
887 1428 1021 1513 μάλιστα
1033 1439 1162 1513 τροπαῖς
1176 1438 1331 1512 θεριναῖς.
1342 1443 1371 1495 tn

236 1532 264 1596 si
283 1533 318 1595 δὲ
338 1534 391 1596 καί
410 1557 458 1608 τις
473 1531 550 1597 είπσι
564 1539 607 1622 τῷ
626 1540 682 1616 τῆς
693 1532 914 1617 συγχωρήσεως
932 1530 1035 1622 τρόπῳ
1048 1530 1123 1597 εἶναι
1137 1529 1242 1615 πλήθη
1263 1531 1334 1613 χιό-

237 1659 298 1699 νων
312 1633 390 1698 κατά
405 1635 460 1716 τὴν
475 1638 666 1718 Αἰθιοπίαν,
693 1640 744 1703 καί
760 1631 854 1713 αὖθις
869 1637 1018 1722 ἐλίγχεται
1033 1642 1088 1701 τοῦ
1103 1636 1335 1719 προλεχθίντσς

238 1733 456 1818 δοκιμωτάτως
478 1737 515 1803 τδ
538 1736 683 1821 ἔξίτηλον.
736 1737 818 1815 άαας
836 1740 896 1825 γάρ
913 1738 1052 1822 ποταμός
1071 1736 1131 1803 ἀπὸ
1151 1734 1254 1819 χιόνος
1272 1738 1334 1821 τὴν

236 1841 414 1923 περιουσίαν
446 1840 548 1922 λαχὼν
575 1838 824 1925 όμολαγουμίυως
855 1841 954 1925 αόρας
978 1841 1101 1925 ψυχράς
1130 1839 1331 1919 ἀναδίδωσιν,

237 1939 317 2006 ἀλλά
332 1944 381 2006 καί
396 1940 451 2007 τάν
463 1941 539 2027 ἀίρα
553 1940 694 2025 παχόνειν
710 1946 841 2032 mipvas·
867 1948 936 2028 περί
951 1946 985 2010 δὲ
999 1944 1052 2009 τάν
1065 1948 1176 2009 Νείίον
1195 1943 1249 2008 τόν
1269 1970 1331 2009 πο·
1340 1956 1370 2011 15

236 2044 336 2123 ταμὸν
356 2042 426 2110 οάτε
446 2044 558 2131 νίφους
579 2043 749 2111 ἀπόστασιν
770 2048 852 2113 ἔστιν
877 2044 973 2133 εῦρεῖν
996 2045 1066 2112 σι’ίτε
1088 2045 1187 2131 μόρας
1201 2045 1334 2132 ψυχράς

236 2144 307 2212 οότε
326 2147 537 2229 παχυνομίνην
552 2156 608 2214 τοῦ
621 2150 710 2233 ἀίρος
726 2149 782 2231 τὴν
801 2146 904 2237 φάσιν.
952 2146 1121 2233 Ἡρόδοτος
1138 2151 1171 2214 tt
1183 2148 1235 2214 τάν
1250 2154 1334 2214 Νεῖ-

235 2254 290 2313 λον
315 2247 389 2314 είναι
410 2252 466 2332 μίν
478 2249 657 2333 τηλικοῦτόν
672 2277 766 2337 φησιν
780 2250 885 2330 ὁποῖός
898 2278 945 2329 τις
960 2256 1011 2317 καί
1024 2256 1166 2339 φαίνεται
1177 2250 1255 2315 κατά
1272 2252 1333 2332 τὴν

234 2349 412 2436 πλήρωσιν,
432 2362 582 2435 χειμῶνος
596 2356 629 2419 δὲ
641 2353 706 2445 δόρη
722 2356 776 2420 τάν
792 2357 879 2439 ἥλιον
892 2356 971 2420 κατά
986 2356 1042 2438 τὴν
1055 2352 1183 2437 Λιβύην
1196 2350 1331 2439 η-ερόμε-

127 2467 150 2520 P
169 2468 219 2522 188
236 2479 288 2518 νον
310 2456 501 2520 ἐπισπᾶσθαι
522 2458 600 2542 πρὸς
619 2456 729 2522 ἕαυτάν
752 2456 847 2542 ἀγριῖς
873 2460 980 2534 οὐσίας
1000 2454 1183 2537 συστήματα
1210 2459 1241 2519 ix
1265 2460 1370 2523 rotato

233 2553 380 2644 Νειλρόων
400 2554 539 2634 ῦδάτων,
567 2559 735 2623 κάντεῦθεν
747 2568 896 2639 χειμῶνος
909 2558 974 2649 ὥρη
989 2556 1102 2639 ἥττονα
1116 2558 1253 2641 γίνεσθαι
1273 2556 1330 2621 τάν

232 2654 389 2739 ποταμόν·
421 2663 477 2722 τοῦ
501 2660 535 2723 tt
556 2659 670 2744 θίρους
695 2658 893 2741 ἐπιστάντος,
928 2663 978 2725 καί
998 2659 1075 2745 πρός
1097 2658 1173 2734 τοῦς
1195 2656 1331 2743 ἀρκτους

233 2761 416 2841 ποιουμίνου
438 2759 494 2842 τὴν
512 2757 653 2842 βάδισιν,
681 2761 891 2847 ἀναξηραίνειν
910 2765 961 2827 καί
982 2768 1143 2827 ταπεινοῦν
1164 2760 1216 2825 τοί
1220 2786 1235 2837 ς
1258 2766 1331 2846 περί

235 2864 292 2949 τὴν
302 2861 435 2931 Ἑλλάδα
448 2865 607 2948 ποταμοὺς
622 2863 816 2951 πεφυκότας·
843 2866 893 2931 διά
911 2872 1004 2931 τοῦτο
1017 2865 1062 2949 μὴ
1078 2860 1252 2951 παράδοξον
1269 2892 1330 2929 κα·

305 3008 331 3060 6.
350 3025 382 3061 an
399 3006 499 3063 θίσιυί
600 3011 644 3067 23,
661 3006 730 3080 τὴν]
747 3011 802 3065 τοῦ
818 3004 898 3079 ἡλίου
914 3008 988 3079 miv?

214 3172 215 3176 ,
236 3126 291 3187 sit,
317 3141 403 3177 omnes
426 3125 518 3189 fluvii,
545 3127 591 3195 qui
614 3136 704 3179 contra
726 3128 849 3181 flantibus
874 3128 971 3181 Etesiis
988 3145 1005 3181 s
1020 3128 1084 3180 mari
1106 3125 1326 3194 repercutiuntur,

238 3194 355 3248 similiter
372 3195 470 3261 magnis
487 3197 604 3247 auctibus
621 3206 810 3253 excrescerent.
838 3200 1003 3263 Anaxagoras
1019 3205 1185 3263 cognomenta
1206 3194 1328 3261 physicus

237 3263 330 3319 solutis
353 3262 380 3315 in
405 3263 542 3333 Aethiopis
565 3264 666 3317 uiribus
689 3265 776 3318 Nilum
801 3266 884 3319 ettotti
907 3273 947 3316 est
969 3264 1102 3333 opinatum
1127 3262 1167 3315 cui
1186 3262 1327 3314 assentiens

236 3331 354 3401 tragicus
371 3342 448 3401 poeta
466 3333 608 3404 Euripides
625 3335 651 3386 id
669 3333 752 3402 ipsum
769 3334 795 3387 in
813 3334 937 3403 poematis
953 3334 1006 3384 suis
1023 3334 1116 3398 posuit.
1151 3331 1217 3382 hanc
1245 3331 1327 3395 igitur

236 3400 422 3471 oppositionem
441 3419 491 3455 uon
508 3404 587 3466 multa
603 3403 766 3474 oppositione
782 3420 847 3471 opus
863 3403 958 3455 bebere
974 3400 1093 3463 dicimus,
1121 3398 1325 3482 qnandoquidem

235 3486 327 3523 ranam
352 3472 522 3553 esseeiaret.
556 3490 613 3528 nan
649 3484 758 3543 propter
790 3472 904 3523 terr-orer
935 3469 1098 3551 incredibiles
1129 3484 1155 3519 m
1171 3468 1326 3551 ’Aetiriopi‘a

233 3537 486 3673 iifflgiiiii
503 3541 902 3679 „bttnttstrt‘nst}
917 3539 1203 3659 {ttottttttt
1221 3539 1325 3677 titt
1402 3618 1403 3679 ι

233 3692 317 3741 mum,
343 3674 464 3728 cernitur.
499 3676 592 3742 quodsi
616 3679 784 3732 concedamus
807 3678 833 3729 in
860 3676 998 3744 Aethiopia
1020 3676 1103 3729 nivem
1128 3678 1205 3728 ultam
1224 3676 1323 3735 cadere,
1402 3680 1403 3749 i

234 3754 319 3799 temen
336 3744 403 3815 quaed
422 3744 580 3797 antedoce
598 3746 695 3815 liquata
713 3748 890 3807 asserebatur,
913 3761 1011 3797 rursum
1035 3753 1065 3797 ut
1087 3762 1179 3797 venum
1197 3762 1228 3797 sc
1246 3745 1323 3794 irivo-
1402 3750 1403 3809 g

234 3813 286 3867 lum
311 3812 514 3883 probabilissime
536 3814 672 3868 refellitur.
707 3818 787 3869 omnis
804 3815 899 3884 quippe
916 3813 1010 3867 fluvius
1027 3814 1100 3884 aquis
1116 3814 1210 3866 nivium
1228 3812 1322 3863 soluta-
1402 3824 1403 3881 ρ

233 3900 290 3936 rum
314 3900 480 3948 accrescens,
509 3885 689 3938 convenienter
711 3902 786 3937 auras
809 3900 910 3951 ιμωραο
933 3885 1043 3952 frigidas
1068 3887 1184 3953 expirat,
1213 3880 1274 3948 quin
1296 3884 1321 3929 et
1402 3892 1403 3897 ¹

234 3954 333 4005 coelum
354 3969 467 4006 cressum
484 3952 576 4005 reddit.
610 3955 682 4019 atqui
699 3955 794 4005 circum
814 3952 899 4004 Niium
917 3971 1000 4023 neque
1017 3954 1124 4005 nebulae
1142 3948 1248 4002 alicuius
1264 3963 1320 3998 cun-

234 4022 374 4074 cretionem
399 4039 484 4091 neque
500 4038 577 4076 auras
594 4022 693 4089 gelidas
717 4039 800 4089 neque
818 4027 901 4074 serem
919 4040 1031 4075 crassum
1049 4020 1170 4091 reperies.
1204 4015 1321 4068 Herodo-
1402 4052 1403 4091 ,

234 4097 278 4139 tus
303 4106 380 4157 porro
405 4092 494 4144 Nilum
518 4100 615 4145 tontum
638 4108 695 4143 essa
719 4090 812 4143 scribit
833 4101 944 4158 quantus
968 4097 1023 4145 c'um
1046 4092 1134 4159 plenus
1149 4093 1190 4139 est
1205 4092 1321 4154 sppsret,
1402 4092 1403 4109 ³

234 4156 315 4209 bieme
338 4168 423 4212 autem
440 4161 518 4213 solem
542 4178 621 4230 supra
639 4161 744 4229 Libyam
763 4160 905 4213 volventem
923 4178 954 4213 ex
972 4160 1046 4213 undis
1065 4156 1183 4210 Niloticis
1200 4154 1320 4208 humentis
1402 4172 1403 4227 ρ

235 4227 394 4278 substantiae
410 4230 510 4298 copiam
529 4232 674 4293 attrahere,
687 4237 766 4296 atque
783 4229 843 4281 inde
860 4247 907 4300 per
925 4226 1139 4282 hibernaturum
1156 4223 1259 4295 partin!
1276 4224 1320 4276 5¹⁸·
1402 4230 1403 4287 Ῑ

237 4301 335 4349 οοτιειο
352 4295 475 4354 redeunte
494 4305 522 4354 ct
538 4298 572 4352 οδ
589 4307 677 4355 ornos
691 4298 746 4352 soie
763 4314 884 4365 reverso,
907 4298 1036 4353 Graecina
1060 4294 1165 4351 flumina
1185 4293 1278 4349 siccari
1292 4299 1318 4345 et
