2817 4742
386 294 677 364 rflsronltRUM
699 297 758 368 Vl.
787 297 845 367 11.
1091 298 1163 367 265

66 467 171 551 ἔφησε
184 463 243 552 γάρ
267 466 407 548 αε’ίκουε,
429 472 572 554 Χαγᾶνε,
595 473 729 535 παλαιοῦ
741 468 823 545 τινὸς
838 468 887 535 καὶ
902 465 969 535 λίαν
981 473 1083 557 σοφοῦ
1098 470 1167 554 διη-

65 566 252 657 γήματος.”
301 569 365 638 inei
385 572 419 636 dd
437 568 457 654 ἢ
478 571 596 655 ξ’ναρξις
618 578 752 657 προσεχῆ
776 572 854 658 πρὸς
878 568 1025 658 ύκρύασιν
1043 572 1169 638 ἐνεποίει

66 674 132 745 σύν
145 671 309 757 βάρβαρον
317 724 328 756 ,
355 673 411 740 ούκ
425 671 594 757 ίλύμβανεν
608 674 738 760 ἐγκοπὴν
751 671 771 760 ἦ
786 681 842 759 τῆς
856 675 992 761 ἱστορίας
1006 671 1169 761 ἀφήγησις.

68 777 282 864 (ῑΣίσωστρίν
297 802 373 865 φασι
384 780 566 862 γεγενῆσθαί
578 803 651 843 ποτε
670 776 769 865 ἄνδρα
789 781 858 844 λίαν
870 776 1036 861 εύύαίμονα
1050 779 1100 842 καῖ
1115 784 1171 861 τῆς

39 883 295 963 5Αἰγυπτιακῆς
315 883 473 963 βασιλείας
494 880 746 967 ε’πιφανίστατον.
796 887 907 948 τοῦτον
931 886 1030 963 κομᾶν
1057 882 1107 945 ἐπὶ
1124 886 1170 971 τῷ
1185 901 1209 956 p
1227 902 1279 958 160

66 979 204 1069 πλούτῳ
224 977 315 1069 λύγος
336 980 511 1072 πρεσβύτης
529 986 604 1069 ἐρεῖ,
632 995 702 1061 ταῖς
716 985 751 1050 dd
764 981 909 1067 ύυνύμεσι
925 982 1088 1070 αεφυκίναι
1102 985 1172 1049 λίαν

66 1082 327 1170 ἄκαταμύχητον.
379 1087 433 1152 τὸν
452 1089 487 1152 δὲ
508 1090 557 1152 ini
570 1094 721 1153 aconiton
736 1084 778 1162 ὥς
793 1087 865 1163 ίπος
879 1089 969 1153 εἰπεῖν
986 1093 1170 1173 κραιπαλᾶν,

68 1185 159 1253 ὥστε
184 1184 368 1273 ἁρμάμαξαν
389 1186 616 1272 συμπήξασθαι
639 1189 905 1275 χρυσοκόλλητον,
939 1192 1049 1267 λίθους
1068 1215 1101 1257 τε
1123 1215 1171 1255 τι·
1196 1242 1215 1254 ..

67 1292 170 1372 μίσυς
189 1288 288 1377 ταύτῃ
307 1298 498 1376 περιβαλεῖν,
521 1291 668 1379 ἓφιζύνειν
682 1320 715 1359 τε
731 1296 778 1359 tut
795 1289 910 1379 ταύτης
924 1291 979 1357 τύν
996 1290 1170 1379 βάρβαρον,

27 1403 62 1455 10
71 1394 130 1457 καὶ
144 1402 212 1467 ταῖς
222 1396 279 1476 μὲν
288 1397 394 1472 ἵπποις
407 1400 457 1461 καὶ
471 1407 539 1477 ταῖς
554 1393 692 1479 ἡμιόνοις
705 1399 821 1479 χαίρειν
837 1399 927 1462 είπεῖν
934 1445 945 1474 ,
967 1395 1040 1470 τούς
1057 1396 1091 1459 dd
1109 1402 1173 1461 τῶν
1268 1432 1272 1443 ·

67 1494 257 1578 ἡττημένων
277 1498 429 1579 βασιλίων
449 1505 494 1588 τῷ
518 1497 633 1582 ταύτης
654 1503 733 1588 ζυγῷ
750 1499 824 1575 τούς
843 1499 971 1581 αύχίνας
987 1504 1171 1583 περιβαλεῖν,

70 1600 174 1663 ἕλκειν
195 1624 228 1663 τε
251 1601 299 1663 dni
320 1608 376 1683 τῆς
396 1601 512 1688 ἀγορᾶς
526 1603 601 1679 τούς
616 1600 885 1686 ν’,τυχηκύταςπῶν
900 1600 1053 1684 βασιλέων
1067 1600 1103 1666 τύ
1115 1605 1172 1665 τού

67 1698 292 1783 Σεσώστριύσς
315 1703 426 1789 ύχημα.
479 1712 536 1770 τού
556 1708 661 1771 τοίνυν
679 1707 860 1789 Αἰγυπτίων
881 1702 1031 1785 βασιλίως
1049 1702 1094 1785 μὴ
1115 1728 1172 1784 με-

68 1811 327 1890 τριοπαθοῦντος
346 1809 395 1872 dni
413 1817 482 1881 ταῖς
505 1806 698 1890 εύπραγίαις,
726 1806 806 1872 ἀλλὰ
826 1812 1001 1893 περιφανῶς
1023 1802 1169 1880 πολλάκις
1186 1816 1210 1870 Β

29 1921 61 1974 15
71 1910 336 1985 κατονειδίζοντας
349 1919 414 1985 τοῖς
427 1905 605 1991 ἡττημένοις
618 1910 673 1992 τὴν
684 1905 861 1995 συμφοράν,
889 1911 940 1974 ἕνα
954 1907 1022 1972 τινὰ
1035 1913 1097 1971 τῶν
1109 1913 1173 1988 βα-

72 2008 189 2072 σιλίων
211 2011 289 2093 φασὶ
311 2017 374 2074 τῶν
392 2008 650 2094 ύποβεβλημίνων
669 2020 714 2103 τῷ
736 2016 814 2100 ζυγῷ
829 2019 885 2077 τοῦ
901 2008 1057 2092 ὀχήματος
1072 2011 1104 2073 ἓν
1116 2034 1173 2092 με-

71 2109 158 2198 γάλη
183 2114 241 2175 reri
264 2114 314 2174 καί
335 2124 498 2199 περιφανεῖ
515 2112 626 2199 ἑορτῇ,
653 2122 715 2179 τῶν
736 2114 918 2195 Αἰγυπτίων
940 2108 1175 2197 συρρευσύντων

73 2214 181 2296 ὄχλων
186 2262 197 2292 ,
222 2213 267 2296 μὴ
280 2214 396 2279 ἐθέλειν
413 2216 507 2280 ἕλκειν
522 2218 558 2280 τὸ
574 2217 694 2298 ύχημα,
723 2212 822 2279 πυκνά
837 2241 868 2280 τε
883 2218 924 2289 είς
935 2214 1070 2281 τούπίσω
1084 2215 1174 2298 στρί-

73 2323 198 2400 φεαθαι
216 2316 336 2400 κοίτην
353 2318 403 2381 ἐπὶ
420 2323 483 2383 τῶν
499 2324 619 2401 τροχῶν
633 2320 749 2401 κίνησιν
764 2321 942 2403 δωρεῖσθαι.
982 2315 1174 2403 ύσυμφιύνου

34 2421 185 2487 ωταίνυν
202 2425 259 2502 τῆς
279 2416 372 2503 ύλκῆς
391 2419 549 2505 γενομένης
571 2420 624 2485 διὰ
644 2420 681 2486 τύ
701 2420 746 2503 μὴ
765 2424 841 2503 μίαν
862 2418 1021 2486 σύννευσιν
1036 2420 1109 2495 τούς
1126 2420 1175 2485 ἐπὶ

73 2519 183 2610 τούτῳ
203 2521 462 2607 συντεταγμίνσυς
482 2520 697 2605 ποιήσασθαι,
726 2522 741 2589 ti
764 2532 825 2589 τῶν
838 2525 1019 2609 Αίγυπτίων
1030 2521 1175 2606 βασιλεύς
1191 2537 1216 2591 V
1234 2541 1284 2594 249

75 2625 176 2707 ἔφησε
199 2625 278 2711 πρὸς
301 2627 355 2691 τὸν
377 2625 434 2701 τὰς
449 2626 566 2703 πυκνὰς
585 2623 767 2710 ποιούμενον
782 2623 962 2713 συστροφάς
987 2633 1010 2665 “
1017 2626 1175 2712 ἄνθρωπε,

75 2730 109 2790 τί
120 2727 200 2815 πρὸς
212 2728 347 2795 τούπίοω
359 2727 395 2795 τύ
409 2728 534 2813 βλίμμα
548 2741 635 2806 κινεῖς
641 2759 654 2815 ,·
680 2731 713 2795 τί
723 2731 796 2807 τούς
806 2730 936 2817 τροχούς
948 2730 1079 2817 ἱστορεῖς
1084 2757 1098 2813 ,·
1123 2738 1180 2794 ποῖ

149 2960 177 3012 6.
194 2973 227 3009 an
245 2959 337 3022 otest?
475 2962 516 3015 16·
540 2955 770 3029 ύποβεβλημένοσυ
789 2961 853 3015 Exc.
887 2955 1109 3032 ἐπιβεβλημένων
1126 2958 1176 3014 ΙΡ.

150 3028 194 3083 18.
211 3026 381 3097 στρέφεσθαι
397 3028 464 3085 Ere.
497 3031 702 3100 συστρέφεσθαι
717 3030 761 3084 ίΡ.

79 3251 131 3287 noa
148 3232 200 3287 erit
217 3232 335 3289 instituto
352 3234 470 3290 alienum.
503 3235 607 3290 dicebat
623 3254 687 3305 ergo
704 3235 800 3300 “andi,
816 3233 949 3306 Chagrne,
966 3234 1075 3306 priscam
1094 3250 1176 3303 qnan-

78 3303 138 3356 dam
155 3308 185 3355 et
199 3304 342 3374 sapientiae
361 3306 459 3375 plenem
477 3305 641 3359 historiam.’'
664 3310 713 3359 hoc
730 3306 860 3361 exordium
878 3307 921 3359 nbi
938 3306 1073 3358 barbarum
1091 3311 1176 3356 atten-

79 3380 132 3424 tum
148 3372 230 3436 feeit,
246 3374 283 3425 ric
300 3374 456 3428 'Theodorus
473 3375 640 3430 continuavit.
662 3374 768 3428 “iniere
787 3375 860 3428 aiunt
876 3375 1015 3442 aliqnando
1033 3373 1176 3439 Sesostrin‚

81 3441 205 3494 hominem
225 3442 298 3495 nimia
323 3461 397 3512 quam
419 3444 519 3497 felicem
535 3454 563 3498 et
579 3446 692 3513 Aegypti
709 3461 796 3513 regern
813 3443 1016 3496 ilinrtriseimum.
1052 3443 1118 3498 hunc
1135 3441 1178 3495 di-

81 3509 154 3561 vitiir
170 3508 387 3578 eircamflorirtc,
405 3514 571 3583 potentiaque
588 3521 617 3565 et
633 3515 734 3566 viribus
750 3513 873 3564 invictum
891 3510 1025 3573 extitisse,
1043 3518 1119 3563 vetur
1136 3516 1178 3564 cet

81 3579 205 3631 narratio.
231 3598 263 3633 eo
279 3590 364 3634 antem
383 3582 525 3636 dementiae
542 3582 614 3634 reiut
632 3600 680 3652 per
697 3582 830 3649 crapulam
848 3580 1011 3649 prooemiare,
1028 3587 1059 3631 nt
1075 3595 1178 3632 currum

82 3646 226 3700 inauratam
248 3648 353 3702 ineertie
375 3652 480 3719 gemmir
504 3652 627 3719 pretiosis
648 3651 851 3711 conscenderet,
876 3647 919 3707 cai
944 3647 1042 3703 reiietie
1059 3648 1134 3716 cquis
1152 3654 1180 3699 et

83 3714 158 3769 molit
171 3716 258 3768 victor
275 3720 309 3769 ab
325 3736 354 3771 ae
371 3737 447 3789 reges
463 3721 650 3787 enbinngerct,
677 3720 722 3785 qni
739 3718 807 3770 ilium
826 3716 910 3770 mireri
929 3716 956 3768 -in
974 3719 1057 3770 torum
1075 3724 1180 3784 protra-

83 3785 182 3842 herent.
217 3785 261 3838 hic
284 3786 365 3853 igitur
380 3805 427 3842 rex
443 3788 587 3858 Aegyption
605 3804 661 3839 cnm
678 3786 704 3839 in
723 3786 897 3856 prosperitate
914 3802 961 3839 ena
977 3785 1178 3840 moderationem

84 3853 158 3905 enimi
178 3871 231 3907 non
247 3853 398 3921 adhiberet,
421 3859 467 3910 aed
491 3857 575 3928 palam
593 3862 621 3909 et
642 3856 746 3925 raepina
764 3857 843 3909 victis
859 3854 965 3924 regibnr
983 3856 1016 3906 de
1034 3852 1180 3905 calamitate

84 3921 234 3988 immiteret,
259 3925 348 3977 ferant
370 3926 496 3994 quendam
514 3943 546 3977 ex
563 3940 664 3978 carrum
680 3926 855 3987 trahentibus,
879 3940 935 3979 cnm
954 3925 1021 3975 torte
1043 3938 1134 3990 magno
1151 3928 1179 3975 et

84 3989 178 4060 ineigni
194 3992 238 4046 die
254 3995 323 4046 testo
339 3992 461 4064 frequent
478 3994 586 4063 populus
603 3993 780 4059 convenisset,
797 3994 908 4047 παλαίετε
926 3993 1046 4054 trahere,
1072 3993 1178 4045 crebro·

85 4077 132 4125 qne
155 4067 226 4115 retro
249 4061 381 4115 convenia
404 4062 483 4115 ocniie
507 4071 582 4115 rotae
604 4063 789 4117 tniubilitatem
807 4059 1001 4129 contemplatum
1019 4075 1085 4115 erec.
1120 4078 1177 4112 cnm

85 4125 121 4178 ita
136 4146 228 4184 comma
244 4131 414 4200 inaequaliter
429 4132 592 4195 trahemur,
616 4137 753 4202 propterea
772 4132 839 4201 qnod
857 4131 989 4182 trahentes
1005 4146 1054 4181 non
1072 4130 1177 4197 peribnr

87 4195 158 4248 einai
173 4202 305 4253 mouentia
322 4202 470 4261 traherent,
491 4218 538 4252 rex
558 4201 636 4253 totier
652 4202 832 4271 respicientem
849 4198 1020 4268 compellans,
1045 4198 1105 4266 qnid
1127 4209 1176 4262 eat,

87 4264 181 4335 inquit,
196 4270 263 4325 bone
280 4270 335 4335 vir,
352 4270 420 4341 qnod
436 4271 525 4325 oculor
541 4268 568 4323 iu
585 4277 684 4340 tergum
702 4270 780 4324 totier
796 4269 951 4339 retorqueri
971 4268 1033 4339 qnid
1051 4269 1090 4321 ita
1106 4275 1177 4321 rotor
