2817 4742
244 325 291 399 ιι
524 383 527 391 .
717 328 864 426 rnoru

241 503 273 568 Γ
270 494 419 584 ἤπαιδος,
446 497 532 575 ὅπως
550 521 583 564 τε
603 495 619 565 ὁ
635 493 812 586 δορυφόρος
824 499 876 564 διά
891 499 931 566 τδ
946 500 1015 584 περί
1031 498 1126 565 αάτδν
1137 492 1267 584 χρόσεια
1281 500 1337 563 δο-

241 609 416 690 λοφονεῖται
422 649 433 682 ,
460 604 512 668 καλ
524 597 567 678 ώς
574 597 678 692 χρόνῳ
692 609 803 692 μακρῷ
818 599 947 688 ὕστερον
960 598 978 666 ό
994 605 1025 668 Γ
1021 598 1113 686 ήπαις
1125 606 1337 688 δολοψονῆσαι

241 709 402 792 φωραθείς
416 707 491 794 πυρί
505 707 723 793 παραδίδοται.
774 706 920 790 στρατεία
929 700 1071 792 Ἀβάριον
1082 705 1160 772 κατά
1176 701 1338 784 Ῥωμαίων

239 811 292 876 καί
310 810 471 894 πολιορκία
498 805 673 896 Σιγγιδόνος
694 816 753 892 τῆς
774 807 892 886 πόλεως
898 859 909 888 ,
938 809 1109 893 ’χειροτονία
1136 833 1168 874 τε
1191 809 1338 893 Πρίσκου

178 917 182 924 ’
239 917 296 979 τοῦ
317 918 511 999 στρατηγοῦ,
538 915 588 978 καλ
609 910 692 989 ὅπως
710 918 767 978 τοῦ
781 912 861 978 κατά
872 912 929 994 τὴν
944 909 1098 997 Εόρώπην
1112 910 1247 996 πολίμου
1262 916 1359 977 τοῦ-5

237 1041 293 1082 τον
320 1011 544 1100 προεστήσατο.
596 1018 648 1080 καὶ
665 1013 748 1091 όπιος
770 1011 949 1101 όΧαγάνος
967 1019 1009 1092 τίς
1022 1017 1190 1102 Δριζίπερα
1212 1009 1339 1099 γενόμε-

238 1142 292 1195 νος
307 1117 362 1184 τδν
377 1117 453 1184 νεών
467 1112 667 1203 Ἀλεξάνδρου
681 1123 739 1184 τοῦ
752 1113 913 1204 μάρτυρος
926 1117 1133 1203 ίπολίοριιησε.
1187 1119 1238 1180 καί
1249 1115 1339 1190 ,ὅπως

238 1222 272 1288 dr
282 1220 492 1306 ,Τζουρουλών
505 1227 546 1308 τῇ
559 1216 644 1286 πόλει
656 1216 803 1304 Ῥωμαῖοι
817 1219 1064 1306 συγκλεισθίντες
1077 1215 1138 1285 dud
1153 1225 1210 1286 τοῦ
1223 1216 1337 1303 Χαγά-

237 1347 295 1392 νου
307 1329 554 1409 πολιορκοῦνται,
569 1321 655 1400 ὅπως
667 1349 699 1392 τε
716 1321 798 1415 δόλῳ
811 1326 961 1411 φενακίζει
973 1322 1028 1389 τόν
1037 1319 1200 1409 βόρβορον
1212 1318 1337 1388 όΜαυ-

238 1427 336 1511 ρίιιιος
355 1429 406 1493 καλ
428 1431 485 1510 τῆς
504 1427 681 1514 πολιορκίας
704 1421 822 1512 ἀπάγει.
873 1428 1020 1512 πρεσβεία
1040 1451 1073 1492 τε
1092 1421 1236 1509 Ἅβάριον
1259 1425 1336 1510 πρός
1344 1434 1370 1485 10

234 1525 423 1614 Ῥωμαίους,
449 1531 501 1597 καλ
523 1527 583 1597 ὅσα
602 1537 647 1620 τῷ
663 1526 863 1618 Ἀρδογάστιρ
876 1529 911 1595 ίκ
923 1536 979 1613 τῆς
994 1535 1056 1596 τών
1064 1524 1223 1614 Ῥωμαίων
1238 1523 1335 1610 ἀπήν-

238 1656 314 1718 τησε
332 1629 507 1716 δυνάμεως,
534 1630 578 1699 i'rr
600 1635 635 1699 dd
650 1637 701 1699 καί
718 1633 758 1700 τά
773 1633 854 1699 κατά
869 1632 924 1699 τόν
937 1634 1085 1718 Τατίμερ.
1136 1629 1334 1716 ἀνδραγαθία

238 1760 272 1801 τε
293 1741 350 1802 τοῦ
368 1733 529 1820 Ῥωμαίων
550 1732 718 1821 ταξιάρχου
733 1731 953 1820 Ἀλεξάνδρου,
981 1735 1031 1802 καί
1048 1736 1246 1820 ἀνδραγαθία
1259 1731 1333 1800 ‘Pm-

237 1840 359 1921 μαίων,
385 1841 437 1905 καί
460 1845 652 1924 Σκλαβηνῶν
671 1837 842 1925 ἀναίρεσις,
870 1835 983 1924 ἓηοδός
997 1864 1030 1904 τε
1047 1843 1237 1921 Σκλαβηνών
1255 1835 1333 1903 κατά
1397 1854 1398 1939 p

234 1939 405 2023 Ῥωμαίων.
456 1945 525 2029 περί
551 1951 614 2010 τῶν
640 1943 813 2027 τεχδίντιον
836 1939 973 2028 τεράτων
991 1941 1052 2028 apd
1070 1948 1127 2007 τοῦ
1148 1940 1260 2016 ἀστνος
1280 1945 1365 2022 apati
1397 1944 1398 2023 i

236 2047 415 2125 βασιλίδος,
441 2039 483 2122 ὦς
504 2044 542 2112 τό
561 2046 617 2127 μίν
639 2039 678 2129 ἦν
701 2044 873 2132 τετράπουν
887 2047 1028 2124 παιδίον,
1055 2044 1091 2110 τδ
1106 2045 1141 2110 δὲ
1155 2041 1333 2129 δικόρυφον.
1397 2032 1398 2117 ί

236 2145 322 2223 ὅπως
343 2148 485 2233 Πρίσκος
505 2146 782 2234 ἀποχειροτονεῖται
798 2155 843 2238 τῷ
858 2151 966 2214 δοῦναι
984 2154 1029 2236 τῷ
1045 2143 1182 2236 Χαγάνιρ
1198 2146 1261 2211 ἀπά
1277 2151 1334 2227 ,τῆς

234 2256 299 2316 τῶν
320 2255 513 2335 Σκλαβηνών
535 2253 634 2331 λείας,
660 2253 712 2318 κοιλ
726 2252 849 2337 Πίτρος
866 2250 1148 2332 ἀντιχειροτονεῖται
1164 2248 1334 2334 στρατηγὸς
1397 2250 1398 2267 ’

234 2358 291 2435 τῆς
303 2351 383 2419 κατὰ
395 2353 451 2437 τὴν
467 2349 621 2439 Εὐρώπην
635 2351 754 2438 μάχης·
782 2356 833 2419 καὶ
846 2355 913 2434 περί
928 2349 1095 2438 Θεοδώρου
1106 2358 1163 2418 τοῦ
1178 2352 1334 2439 πρίσβειος
1397 2386 1398 2431 η

235 2456 400 2532 σταλέντος
414 2456 492 2542 πρὸς
506 2455 561 2522 τδν
571 2453 721 2543 Χαγάνον
735 2453 797 2522 ἀπό
810 2462 866 2522 τοῦ
883 2457 1025 2540 Πρίσκου
1033 2503 1043 2534 ,
1071 2461 1127 2535 τῆς
1141 2481 1175 2519 τε
1191 2457 1259 2538 περὶ
1275 2451 1366 2518 nri-2⁰

221 2556 288 2628 ⁴adr
304 2559 445 2633 παιδείας
461 2560 512 2623 καί
528 2556 711 2642 δεξιότητος.
764 2559 796 2623 ἔν
812 2555 859 2633 οἷς
873 2561 924 2621 καὶ
939 2556 957 2620 ἀ
971 2560 1058 2630 ἕκτος
1071 2554 1172 2639 λόγος.

336 2661 370 2730 7.
419 2655 457 2726 ‘0
482 2659 517 2724 δί
537 2660 669 2741 ἕβδομος
687 2656 777 2744 λόγος
794 2656 997 2742 διαλαμβάνει
1014 2658 1084 2742 περί
1104 2663 1161 2739 τῆς
1175 2656 1331 2741 γεγενημί·

234 2788 290 2848 υης
312 2761 442 2838 ἀταξίας
461 2771 531 2837 ταῖς
548 2758 709 2845 Ῥωμαίων
729 2756 915 2843 δυνάμεσιν,
941 2759 1098 2846 ἀριστείαν
1112 2785 1154 2826 τε
1173 2757 1331 2843 Ῥωμαίων
1397 2754 1398 2825 i

235 2864 316 2934 κατά
331 2870 522 2949 Σκλοβηνῶν
544 2863 614 2950 ἤτοι
626 2869 748 2950 Γετῶν·
774 2869 805 2930 Γ
802 2863 867 2931 ίται
880 2863 939 2950 γάρ
952 2864 989 2930 τό
1007 2863 1141 2930 παλαιόν
1153 2862 1328 2928 ἐκαλοῦντο.

142 3190 145 3195 ,
231 3130 376 3192 ‘heetifero‚
401 3132 429 3180 et
447 3127 532 3182 altero
550 3129 610 3182 item
629 3129 772 3200 Gepaede‚
790 3136 819 3183 ut
836 3128 879 3182 trio
896 3129 965 3180 iilum
983 3127 1017 3180 ob
1035 3142 1114 3179 aurea
1130 3131 1281 3180 onranonta
1296 3143 1327 3178 ex
1397 3116 1398 3157 ³

233 3199 334 3252 inridiie
358 3197 533 3260 interfecerit,
559 3206 588 3250 et
610 3199 685 3267 longo
712 3208 771 3268 port
797 3198 934 3252 interuallo
958 3195 1046 3250 credin
1070 3212 1129 3248 reue
1154 3195 1328 3263 depreireruun
1397 3218 1398 3251 ι

232 3268 340 3322 flammis
356 3267 392 3318 eit
407 3266 527 3320 traditus.
562 3266 702 3320 Abaroruru
721 3274 810 3321 contra
827 3269 954 3320 Romanoa
971 3265 1113 3334 expeditio,
1130 3263 1254 3332 urbisque
1269 3265 1327 3316 Sin-
1397 3270 1398 3307 ἐ

232 3336 336 3406 gidonir
352 3336 488 3388 obsidium.
524 3335 563 3389 uti
582 3337 685 3390 Ριίτουν
703 3337 765 3390 beili
783 3337 834 3388 dux
858 3335 975 3388 deiectus
1001 3340 1030 3385 et
1053 3333 1159 3385 militiae
1176 3333 1327 3401 Europaeae
1397 3334 1398 3377 i

231 3405 440 3476 praefecturam
465 3413 495 3457 ut
511 3405 653 3474 chaganus
669 3405 831 3472 Driziperam
847 3404 949 3458 dolatur
967 3402 1036 3456 beati
1053 3401 1193 3455 Alexandri
1209 3401 1326 3469 martyria

231 3476 354 3542 tempium
370 3473 515 3534 obsederit3
539 3480 566 3526 et
601 3475 709 3528 uomodo
727 3475 844 3528 'l'nuruio
869 3473 967 3544 oppido
984 3471 1097 3524 ineluaoa
1112 3471 1241 3523 Ιλοιοοιιοο
1258 3471 1326 3521 Cha·
1397 3474 1398 3517 t

231 3558 314 3613 genus
337 3540 464 3605 cinxerit,
489 3547 568 3610 utque
593 3565 601 3596 ι
623 3543 733 3597 uurioiur
755 3551 814 3596 artu
831 3543 968 3611 deceptum
984 3540 1126 3593 Barbarum
1143 3541 1177 3591 ab
1196 3537 1326 3592 obsidione
1397 3538 1398 3609 J

232 3611 368 3666 averterit.
403 3609 481 3662 mirra
505 3611 537 3662 ab
563 3613 656 3666 Aberia
680 3613 714 3666 ad
740 3613 869 3667 nonme·
893 3609 1006 3678 legatio,
1029 3614 1057 3661 et
1081 3625 1148 3677 quaa
1169 3607 1325 3673 Adragnatun
1397 3632 1398 3663 1

231 3683 266 3734 ab
283 3679 398 3732 exoroitu
419 3679 531 3731 Romano
548 3681 681 3750 acceperit
694 3681 866 3735 incommode.
901 3685 1039 3749 praeterea
1055 3693 1121 3744 quae
1136 3676 1183 3728 rub
1195 3675 1324 3727 'l'atinrero
1397 3670 1398 3735 ζ

230 3757 292 3803 uota
317 3746 457 3802 Alexandri
485 3748 583 3800 tribuni
613 3749 719 3803 nititum
743 3751 884 3809 tortitudo,
914 3747 1137 3815 Romanorumque
1159 3760 1201 3796 ree
1223 3743 1325 3796 fortiter

229 3828 330 3887 gestae.
348 3824 375 3870 et
382 3816 531 3868 sciurorum
546 3817 676 3882 interitus,
691 3820 831 3890 horumque
847 3815 960 3874 vicissim
977 3816 1004 3867 in
1014 3817 1142 3869 Romanoa
1156 3812 1274 3881 impetun.
1291 3810 1324 3865 de
1397 3836 1398 3875 t

230 3885 353 3939 monstris
370 3885 404 3938 ad
422 3884 519 3952 regiam
536 3887 623 3940 urbem
640 3887 723 3954 natis,
741 3888 869 3951 inianter,
886 3901 953 3938 nnus
969 3884 1073 3952 bioepn,
1090 3884 1156 3935 aiter
1172 3880 1322 3948 quadrupes.
1397 3882 1398 3893 ¹

228 3953 267 4007 uti
289 3955 381 4007 Princo
404 3952 536 4022 imperium
561 3955 641 4009 tuerit
665 3958 832 4025 abrogatum,
856 3954 924 4025 quod
949 3959 1050 4020 partem
1068 3951 1181 4019 praedae
1197 3949 1322 4001 esaiani·
1397 3982 1398 4019 t

227 4021 355 4076 abductae
372 4023 497 4092 Chagano
522 4022 657 4087 donaret,
681 4025 771 4095 utique
789 4042 838 4094 pro
860 4024 905 4076 ilio
923 4021 1017 4074 Petrus
1034 4021 1173 4086 Europaeo
1190 4017 1256 4070 betto
1272 4019 1322 4070 dux
1397 4024 1398 4035 ¹

228 4091 406 4161 praeficiatur.
438 4094 471 4145 de
489 4091 629 4146 Theodoro
645 4093 709 4147 item
726 4097 812 4162 iegato
830 4092 863 4145 ad
881 4093 1032 4159 choganum
1049 4105 1065 4141 a
1082 4087 1173 4139 Prisco
1190 4086 1230 4139 ire
1245 4086 1320 4152 inmo,
1397 4114 1398 4129 2

227 4159 307 4213 etde
324 4159 380 4213 eiua
397 4159 515 4215 doctriua
533 4171 611 4231 atque
628 4178 713 4215 rerum
729 4163 901 4231 gerendarum
917 4159 1085 4211 dexteritate.
1397 4150 1398 4175 ¹

297 4229 323 4282 7.
357 4229 436 4282 Libro
453 4230 562 4300 septimo
580 4229 666 4300 agitur
683 4231 716 4284 da
734 4232 847 4285 turbatis
866 4230 1037 4283 Romanorum
1055 4221 1206 4289 ordiamur,
1232 4240 1321 4277 eoron-

228 4294 338 4367 demque
354 4299 431 4352 rebor
447 4298 551 4356 fortiter
567 4299 649 4371 peu·
672 4309 765 4357 οοοῑττ
780 4300 891 4355 Solanon
915 4295 974 4352 nire
998 4295 1099 4350 Getae:
1126 4293 1178 4348 hoo
1195 4292 1262 4349 οοὶιο
1276 4309 1320 4346 uo·
1397 4332 1398 4341 ι
