2817 4742
378 314 671 383 ursionlsltuus
694 314 782 382 vm.
808 316 841 386 3.
867 312 903 387 4.
1102 313 1176 386 319

82 492 211 575 χωρίοις
229 489 396 572 Γηπαίάιον
415 486 526 575 τρισίν,
575 485 608 552 οἶ
634 485 669 553 δέ
688 480 845 571 βάρβαροι
873 485 970 571 μηιίέν
993 490 1054 553 τῶν
1082 486 1115 552 ἐν
1137 493 1177 573 τῇ

83 594 257 684 προτεραίρ
269 585 460 677 διεγνωκότες
474 584 645 673 συμπόσιόν
659 613 692 654 τε
713 591 897 666 καθίσαντες
918 586 1087 675 πανήγυριν
1099 586 1179 676 ἐάρ-

83 689 363 780 ταζονβπιχάριον.
416 692 472 771 τάς
485 694 588 759 τοίνυν
603 694 772 779 φροντίδας
787 690 952 770 ἀναθίντες
965 700 1004 779 τῇ
1018 693 1103 781 μάθῃ
1120 719 1177 758 κα-

83 799 340 880 τεπαννοχίζοντο
362 794 575 880 εὐωχούμενοι.
626 794 657 859 ολ
678 795 721 859 δέ·
730 790 874 877 Ῥωμαῖοι
892 792 941 860 ἐπί
961 797 997 862 τὰ
1017 793 1178 881 λεγόμενον

57 897 249 987 5λσαάφως,
272 898 317 965 ἐτι
338 897 492 982 λειψάνων
509 893 784 981 ἀποάσηςνυκτάς,
813 903 1004 981 κραιπαλῶσι
1017 910 1083 976 τοῖς
1097 906 1181 986 βαρ·

83 1000 199 1089 βάροις
213 1004 374 1069 ἐπίκεινται
388 1006 440 1069 καί
452 1002 593 1088 με’γιστον
607 997 828 1087 ἀπεργάζονται
843 998 955 1087 φόνον·
982 1001 1181 1087 ἀναιροῦνται

84 1105 148 1192 γάρ
167 1102 338 1197 βαρβάρων
354 1102 489 1190 χιλιάδες
510 1101 685 1191 τριάκοντα.
736 1107 880 1187 πλείστης
910 1129 942 1170 τε
970 1107 1182 1187 αίχμαλωοίας

84 1205 296 1295 κρατήσαντες
309 1208 363 1274 τάν
377 1207 518 1290 ποταμὸν
531 1203 745 1291 ἀντενῆξαντο,
766 1202 843 1292 πρός
856 1232 889 1272 τε
904 1206 957 1273 τάν
970 1209 1110 1293 Πρίσκον
1125 1207 1182 1292 τὴν

85 1311 247 1397 προνομὴν
265 1307 463 1378 διεσώσαντο.
515 1306 614 1397 ἡμίρα
636 1313 669 1376 δέ
686 1307 807 1395 εἰκοστή
813 1360 824 1391 ,
849 1312 899 1376 καί
913 1306 1003 1376 πάλιν
1023 1307 1178 1396 ὅβάρβα-
1194 1319 1220 1373 V
1235 1320 1288 1374 27⁷

42 1429 80 1483 10
89 1439 145 1501 ρος
161 1418 230 1500 περί
242 1422 353 1481 τοῦτον
370 1414 409 1497 δὴ
424 1415 478 1480 τὸν
491 1413 631 1498 ποταμὸν
646 1416 812 1499 οσναγείρει
828 1409 980 1496 δυνάμεις.
1023 1413 1075 1479 διὰ
1087 1420 1179 1481 τοῦτο

86 1515 105 1583 ὃ
131 1520 272 1604 Πρίσκος
293 1523 474 1584 παλινοστεΐ
490 1514 558 1602 περλ
579 1516 634 1583 τὸν
655 1516 772 1582 Τισοάν
790 1515 844 1611 τάν
867 1512 1019 1597 ποταμόν.
1070 1518 1183 1601 γίνεται

84 1628 254 1706 τοιγαροῦν
273 1620 353 1687 κατά
379 1627 492 1687 τοῦτον
514 1607 569 1686 τὸν
591 1626 696 1705 χιῖνρον
724 1619 850 1701 μεγίστη
876 1619 926 1681 καί
955 1616 1181 1703 ἀξιολογωτάτη

84 1721 272 1807 παράταξις.
323 1723 354 1789 οἱ
370 1725 427 1806 μέν
449 1716 505 1789 οὖν
525 1717 683 1805 βάρβαροι
707 1718 1013 1801 καταπολεμηθίντες
1039 1716 1080 1796 ὥς
1110 1720 1183 1797 ἐντος

85 1828 181 1891 εἰπεῖν
198 1830 351 1911 ἐγκρατῶς
367 1825 446 1889 κατά
461 1820 579 1905 ταάτην
594 1822 633 1905 δὴ
650 1824 708 1905 τὴν
727 1819 844 1908 ἧμίραν
865 1824 913 1887 ἐπί
936 1821 974 1887 τά
1000 1821 1111 1909 ῥεῖθρα
1126 1828 1184 1890 τοῦ
1226 1874 1228 1883 ,

44 1938 79 1992 15
87 1935 233 2008 ποταμοῦ
253 1928 488 2009 ἀποπνίγονται,
523 1922 768 1991 σνναπάλλονται
790 1926 824 1990 δί
839 1921 959 2002 τοάτοις
973 1928 1023 1991 καί
1037 1932 1184 2011 Σκλαβη-

87 2034 152 2095 νῶν
172 2029 297 2111 πλείστη
313 2022 481 2114 ἀπόμοιρα,
532 2029 687 2113 ἐζωγρεΐτο
710 2027 745 2093 δέ
763 2025 842 2109 μετά
863 2027 920 2111 τὴν
937 2018 1034 2112 ἧτταν
1049 2028 1084 2095 τὸ
1101 2027 1184 2117 βάρ-

86 2137 208 2215 βαρον,
234 2133 285 2195 καλ
300 2129 425 2214 ἥλωσαν
439 2129 569 2215 Ἄβαροι
590 2132 647 2212 μίν
665 2132 842 2214 τρισχίλιοι,
872 2130 1014 2209 intorti
1027 2129 1185 2221 βάρβαροι

86 2233 169 2319 πρὸς
184 2244 253 2310 ταῖς
270 2234 393 2318 τέτρασι
412 2230 528 2317 χιλιάσι
541 2236 686 2315 δισχιλιοί
704 2235 801 2297 τεκαὶ
817 2230 985 2313 διακόσιοι,
1013 2240 1063 2299 καὶ
1080 2242 1181 2302 Σκλα-
1198 2254 1221 2309 P
1238 2256 1289 2311 201

86 2343 196 2419 βηνῶν
203 2334 339 2419 χιλιάδες
354 2333 444 2401 άκτά.
496 2333 579 2401 οὕτω
592 2336 648 2418 μὲν
664 2327 719 2399 σάν
735 2335 940 2419 ζωγρηθίντες
953 2340 1076 2419 δεσμοῖς
1089 2365 1186 2424 παρε-

45 2442 232 2517 mutuom,
261 2436 277 2503 ὃ
300 2439 334 2503 δέ
355 2437 527 2524 στρατηγὸς
550 2438 582 2502 ἐν
605 2444 708 2519 Τομεῖ
720 2444 758 2524 τῇ
775 2434 859 2503 πόλει
874 2438 947 2519 τοὺς
959 2445 1185 2526 λαφυραγωγη-

87 2543 207 2617 θέντας
218 2537 399 2627 βαρβάρους
415 2540 571 2621 ἐξέπεμπε.
622 2539 687 2629 (4)
714 2536 731 2605 ὅ
754 2540 788 2606 δὲ
809 2545 973 2626 Χαγιῖνος,
1001 2546 1072 2629 πρίν
1085 2570 1116 2611 τι
1130 2544 1225 2616 τάνΒ

89 2641 308 2735 αὐτοκράτορα
333 2650 395 2710 τῶν
416 2643 617 2730 γεγενημένων
637 2646 668 2709 ἐν
686 2641 798 2727 είδήσει
814 2642 974 2728 γενέσθαι,
998 2636 1140 2732 πρίσβεις
1154 2650 1187 2726 ἐς

89 2749 271 2831 Μαορίκιον
294 2746 447 2829 ἐπεμψεν,
483 2745 647 2828 ἀναλαβεῖν
669 2746 744 2823 τούς
765 2747 977 2831 ζωγρηθέντας
989 2748 1184 2833 πειρώμενος.

92 2846 109 2914 ἀ
132 2851 169 2913 δέ
189 2851 368 2934 Μαορίκιος
387 2859 455 2925 ταῖς
477 2848 614 2923 ἀπειλαῖς
642 2856 699 2915 τοῦ
725 2837 893 2933 βαρβάρουΙ
911 2854 1113 2935 καταπλαγείς
1132 2854 1185 2917 καί

51 2966 83 3021 25
92 2960 158 3027 τοῖς
170 2946 271 3034 λάγοες
283 2944 588 3033 ἀποβουκολοάμενος
600 2950 644 3014 δι’
663 2950 844 3026 ἐπιστολέως
858 2955 901 3038 τῷ
921 2954 1052 3041 Πρίσκῳ
1072 2953 1187 3039 προοίὲ

90 3058 182 3133 ταξεν
219 3052 393 3119 ἀποδοῦναι
421 3050 496 3128 τοάς
531 3052 747 3140 ζωγρηθίντας
777 3059 822 3145 τῷ
852 3051 991 3147 Χαγάνιμ
1020 3053 1182 3146 Ἀβάροας,

92 3320 139 3373 rias
156 3322 289 3389 segregat.
322 3322 478 3383 tremunt,
494 3320 523 3372 st
538 3314 672 3376 uffeuduut
686 3315 846 3387 Gepidarum
862 3319 938 3375 villas
953 3325 1020 3386 trra,
1034 3320 1078 3390 qui
1095 3338 1181 3377 rarum

92 3388 179 3458 pridie
196 3397 326 3455 gestarum
343 3388 429 3456 ignari
446 3386 608 3442 considentes
625 3394 653 3439 et
668 3398 842 3456 computante·
854 3390 945 3443 festum
961 3390 1073 3461 patrium
1090 3408 1183 3461 magna

92 3457 241 3526 frequentia
256 3457 439 3523 celebrabant,
461 3455 627 3526 amnibusque
652 3454 722 3508 αατὶι
739 3456 858 3510 ebrietati
875 3459 970 3512 dicatis
988 3469 1086 3513 noctem
1104 3471 1184 3514 tutam

93 3524 120 3577 in
142 3524 269 3579 conviviis
292 3525 438 3595 erigebant.
473 3525 580 3580 Romani
605 3524 756 3594 erepuseuiu
773 3525 872 3591 nuntia,
896 3536 958 3581 anta
981 3536 1097 3581 exortum
1113 3528 1184 3594 auiis,

93 3594 221 3646 barbarus
238 3593 321 3646 adbuc
338 3594 503 3663 crapulantur
519 3595 681 3663 opprimunt,
698 3600 727 3645 et
749 3600 862 3663 stragem
884 3598 961 3650 edunt
977 3598 1118 3660 maximam,
1135 3597 1186 3650 tri-

93 3678 217 3732 eenarum
233 3661 353 3725 miiiium3
375 3671 404 3715 at
420 3680 477 3717 aum
494 3662 593 3731 ingemi
611 3661 709 3732 praeda
724 3662 834 3731 repetito
850 3664 948 3731 fluvio,
964 3667 1053 3720 Priscu
1071 3682 1125 3718 eam
1143 3666 1186 3718 ui·

94 3730 194 3784 ierunt.
229 3730 350 3783 vicesima
365 3730 423 3784 luae
440 3732 523 3785 denuo
539 3732 665 3785 barbarus
682 3731 715 3783 ad
733 3733 832 3785 bunaaa
847 3733 951 3789 fluvium
970 3736 1057 3804 cupias
1074 3750 1186 3801 congre-

93 3807 155 3868 gatr
175 3782 221 3850 ibi
238 3798 397 3853 atrocissima
414 3808 442 3853 et
464 3800 490 3853 in
506 3799 595 3871 primia
612 3800 768 3853 memorabili
785 3804 884 3867 praelia
901 3805 1063 3866 decertatur,
1088 3802 1116 3853 iu
1134 3820 1186 3871 quo

94 3868 215 3931 barbari,
238 3875 268 3919 ut
290 3868 378 3949 paucis
400 3868 497 3934 dicam,
520 3885 614 3939 magna
629 3868 727 3923 virtute
744 3868 805 3924 vieti
829 3880 856 3924 et
872 3872 945 3943 aquia
961 3870 1094 3925 summersi
1111 3880 1186 3937 aunt3

95 3939 248 4006 quibuscum
265 3943 343 3989 etiam
367 3939 517 3992 Sciavorum
533 3953 596 4008 pars
621 3939 731 3993 maxima
752 3940 861 3994 interiit.
894 3942 990 3995 servati
1008 3946 1036 3995 et
1051 3940 1121 4009 eapti
1139 3942 1187 3994 ub·

96 4013 170 4059 tenta
195 4005 307 4059 victoria
326 4007 443 4060 -Abaruru
466 4008 517 4060 tria
540 4005 634 4070 millia,
658 4007 767 4062 aliorum
790 4010 957 4064 barbarorum
980 4025 1026 4061 sex
1043 4009 1120 4062 miliia
1137 4010 1186 4064 du-

97 4077 180 4137 centi,
198 4076 426 4147 Seianorumuctu
443 4077 527 4131 miliia.
562 4075 676 4129 omuibus
691 4077 787 4132 iniecta
804 4079 915 4141 vincula,
933 4085 960 4130 et
978 4076 1003 4129 in
1021 4080 1108 4132 urbem
1129 4080 1187 4133 Το-

97 4160 178 4196 maum
202 4162 218 4198 a
238 4146 306 4197 dues
329 4144 409 4203 misai.
448 4148 504 4214 (4)
528 4144 683 4212 chaganus,
714 4148 861 4219 priusquam
891 4147 1030 4215 imperator
1058 4148 1186 4219 ,nippiam

98 4217 211 4265 acturum
235 4212 406 4279 rescisceret,
431 4232 479 4285 per
495 4216 520 4270 ia
554 4220 594 4266 tas
610 4232 763 4284 recuperare
780 4216 896 4284 captivos
913 4216 1008 4269 studet.
1074 4218 1187 4272 ruricius

98 4278 204 4335 barbari
219 4281 294 4338 minis
309 4284 418 4340 territus
433 4291 462 4339 et
476 4302 522 4339 rer
541 4282 564 4336 ἰτ
586 4282 614 4337 iu
632 4285 750 4340 fraudem
766 4284 903 4355 inductus,
926 4285 1018 4343 Priscu
1037 4288 1187 4345 mandarat
