2817 4742
227 304 279 375 70
696 279 860 372 cannsn

228 500 276 542 το.
329 471 372 552 ὥς
401 473 436 540 dl
461 473 498 541 τδ
517 476 586 561 περί
606 469 725 561 ταάτης
753 469 936 559 δνστάχημα
956 468 1148 555 διενιάτιστό,
1176 474 1330 565 δμκαρδίῳ

229 573 382 666 φλογάσει
401 573 529 660 κάτοχος
551 580 682 665 γίνεται,
720 576 798 645 ὥστε
819 577 920 666 ταύτῃ
941 584 998 644 τοῦ
1019 576 1189 663 χιονάδονς
1208 576 1330 655 ὕδατος
1390 604 1391 666 η

229 676 411 766 προσιόντος
421 682 548 765 χλιαρὸν
563 689 655 748 τοῦτο
670 683 861 768 λογίζεσθαι·
888 671 959 768 οδγε
973 683 1077 765 ἕντῆς
1091 678 1209 758 πόσεως
1224 681 1330 768 ἀφορ-

228 785 274 868 μὴ
288 789 346 849 τοῦ
360 780 589 870 δνσεντεριάσαι
601 784 687 874 αὐτῷ
703 785 830 871 γίγανεν.
1213 788 1216 794 ’

190 895 214 950 Β
327 885 493 971 Ἅγαρηνδν
507 886 545 953 δι’
555 914 583 953 τε
599 885 725 974 γάναιον
746 886 895 971 πνεάματι
910 881 1068 962 Πείθωνος
1084 882 1350 972 εἠ’κατάληπτον,5
1391 896 1392 952 l

232 985 345 1070 δμετδ
368 991 449 1066 λείας
469 992 544 1059 ποτέ
555 991 725 1077 Ἀγαρηνῆς
746 991 925 1077 σνλληςθέν
945 988 1120 1071 alcoran-iaia
1140 986 1157 1055 i
1180 989 1332 1072 βασιλεδς

231 1089 489 1174 ἒαιιαντεάεσθαι,
516 1091 799 1175 μετακαλεσάμενος
815 1090 908 1174 αὐτό,
937 1087 1178 1172 ίκπννθάνεται,
1199 1090 1330 1176 ἡβασι-

232 1196 297 1259 λεία
315 1197 398 1270 τίνος
416 1199 449 1261 ἓν
470 1202 596 1272 πολλοῖς
612 1197 792 1280 διαρκίσειεν
806 1197 901 1263 ἕτεσιν
910 1245 921 1277 ,
947 1197 1060 1272 ἐξεῖπεν
1088 1191 1138 1278 “η’
1152 1200 1212 1260 τῶν
1226 1199 1331 1279 Μαρ-
1392 1193 1393 1200 ¹

229 1294 422 1381 τηνακίοιν.”
457 1300 522 1386 ,καί
551 1298 603 1364 διὰ
629 1306 722 1364 τοῦτο
749 1301 920 1382 διερευνᾶτο
948 1295 1080 1364 κάκωσιν
1101 1300 1265 1382 ἐπαγαγεῖν
1287 1303 1330 1387 τῷ

227 1401 445 1489 Μαρτηνακίῳ
460 1395 477 1466 δ
491 1398 636 1482 βασιλεύς
660 1395 718 1491 (ἦν
730 1401 788 1486 γάρ
805 1401 889 1488 αὐτῷ
904 1403 1096 1482 δραστηρίους
1110 1401 1149 1465 τά
1165 1407 1220 1483 τῆς
1232 1406 1330 1482 βασι·
1338 1416 1366 1468 10

227 1504 311 1578 λείας
324 1500 366 1578 ὥς
381 1503 437 1569 οὖν
452 1501 536 1591 clip
549 1507 608 1571 τινί
628 1511 691 1571 τῶν
708 1501 831 1570 παίποτε
850 1502 1002 1586 βασιλέων
1018 1499 1211 1582 ε’ξεταζόμενά
1229 1505 1330 1568 τεκαὶ

228 1599 586 1691 πολοπραγμονοάμενα)
605 1610 656 1671 καί
675 1607 779 1671 αὐτῶν
799 1613 861 1673 τῶν
878 1601 1117 1690 άγχιστεοάντιαν
1133 1608 1330 1671 κατεπιτίθε-

229 1713 318 1773 σθαι.
370 1706 449 1771 άλλοὶ
472 1714 527 1790 τῆς
547 1710 638 1784 θείας
661 1693 806 1791 προνοίας
828 1701 918 1782 οὗτος
932 1707 1130 1793 δπίσφαλτο,
1159 1706 1214 1770 κάν
1232 1710 1269 1770 ἐν
1281 1713 1330 1773 λε-

227 1813 432 1901 κανομαντιίρ
444 1815 484 1896 τῇ
501 1810 551 1875 διδ
567 1818 625 1876 τοῦ
637 1808 780 1878 Ἰωάννου
794 1811 847 1876 τὸν
862 1807 958 1876 αδτοῦ
971 1817 1026 1892 τῆς
1041 1810 1198 1889 βασιλείας
1216 1806 1331 1876 διάδο-

226 1938 284 1997 χον
298 1909 424 1999 ἑωράκει
438 1915 610 1982 Βασίλειον.
644 1917 724 1981 κατὰ
740 1915 952 2000 πληροφορίαν
968 1913 1007 1998 δι)
1022 1919 1078 1995 τῆς
1093 1909 1235 1996 τοιαάτης
1250 1940 1330 1998 προ·
1339 1928 1366 1982 15

190 2011 355 2103 οφάσεως
376 2016 409 2081 ἓν
428 2015 514 2106 αὐτῷ
537 2020 765 2102 σημανθείσης,
792 2024 836 2108 τῷ
860 2014 985 2101 μονήρει
1007 2019 1066 2105 βίην
1089 2014 1143 2080 τὸν
1159 2017 1192 2080 ἐκ
1206 2023 1266 2080 τοῦ
1281 2016 1331 2100 γί-

228 2143 301 2195 νονς
322 2117 421 2206 άνδρα
438 2120 591 2206 κατέκρινε
608 2118 833 2209 Μαρτηνάκιον
842 2171 853 2202 ,
871 2119 934 2215 xmiv
948 2118 1045 2184 αὐτοῦ
1061 2114 1144 2184 οἶκον
1156 2117 1332 2202 μεταποιή-

228 2245 288 2297 σας
309 2223 351 2297 είς
372 2229 516 2306 μοναχῶν
537 2220 783 2310 φροντιστήριον.
836 2227 978 2290 ioricam
999 2217 1206 2305 διαδιδράσκει
1222 2221 1284 2305 τὴν
1298 2225 1332 2288 ἐκ

227 2323 379 2406 βασιλίως
402 2327 623 2411 ἐπιτεινομένην
643 2325 798 2414 ἐπήρειαν.
848 2332 972 2401 πολλοῖς
993 2326 1027 2390 δι’
1048 2322 1179 2408 στόμασι
1197 2330 1255 2390 τοῦ
1274 2353 1333 2408 yo-

228 2428 317 2492 ναίοο
339 2429 581 2513 διαλαλονμίνον
604 2433 655 2495 καὶ
676 2431 939 2514 άποθειαζομίνον
962 2429 993 2492 ἰν
1015 2425 1131 2508 άπασι,
1156 2431 1370 2496 Ilouraton-w

229 2540 313 2604 ῖῖῖθς
330 2528 519 2616 Τριφάλλιος
536 2531 553 2598 δ
572 2532 629 2615 την
646 2540 753 2617 κλῆσιν
775 2537 963 2615 ε’πευμοιρῶν
979 2533 1029 2594 καὶ
1046 2540 1114 2605 ταῖς
1131 2531 1164 2593 ε’κ
1175 2529 1334 2610 βασιλέως

230 2630 309 2697 κατδ
332 2635 494 2720 πρεσβείαν
506 2644 617 2717 Ιτιμαῖς
641 2631 868 2722 δβρσνὸμενος,
896 2632 1145 2718 προσφθίγγιται
1158 2636 1199 2723 τῷ
1212 2633 1335 2723 γυναίῳ

296 2813 323 2868 8·
339 2809 370 2867 ἐν
389 2831 438 2870 cm.
454 2815 487 2867 la·
555 2815 618 2867 ibid.
636 2808 756 2888 ἀφορμῇ
774 2816 804 2869 L.
881 2814 906 2866 8.
925 2811 1061 2879 διαρκέσει
1077 2808 1107 2868 ἒν
1124 2811 1155 2864 L.
1223 2813 1250 2865 9.
1274 2813 1333 2869 διε·

296 2881 470 2952 crucicola,
488 2885 664 2955 διερευνᾶται
683 2887 714 2939 V.
819 2887 860 2940 18.
877 2882 1017 2952 διδράσκει
1036 2884 1067 2938 λι.

230 3032 294 3086 rium
311 3050 370 3088 aeae
386 3039 579 3093 coniunxerant.
616 3043 654 3094 Ut
677 3051 762 3092 autern
787 3039 842 3093 eina
865 3037 1004 3105 (Amorii)
1028 3035 1197 3090 calamitatem
1214 3033 1333 3098 audivit,

227 3102 405 3157 intestinorum
422 3106 618 3162 inflammatione
634 3109 787 3180 corripitur,
812 3109 849 3161 ita
866 3119 897 3162 ut
913 3114 1043 3176 resumpta
1062 3104 1142 3156 nivali
1158 3120 1241 3171 arpua,
1263 3105 1334 3156 haec

227 3171 318 3254 tepida
347 3172 373 3225 ei
399 3174 545 3230 videretur:
573 3179 644 3231 cuiue
671 3181 749 3232 etiarn
780 3187 856 3249 potua
879 3178 1016 3231 occasione
1037 3172 1183 3244 dysenteria
1207 3173 1334 3226 laborare

229 3248 325 3310 coepit.

298 3311 380 3363 Porro
405 3313 546 3382 Agerenam
571 3316 700 3370 mulierem
722 3315 850 3384 Pythonis
872 3312 967 3384 spiritu
991 3319 1153 3381 correptam,
1176 3324 1250 3377 quana
1272 3325 1334 3362 cum

229 3379 328 3447 praeda
345 3381 378 3432 ab
396 3383 521 3449 Agoranis
537 3382 611 3436 simul
628 3395 729 3457 captam
750 3384 884 3440 vaticinari
902 3390 1059 3451 cognoverat
1075 3381 1228 3449 imperator,
1244 3376 1284 3428 ad
1304 3397 1334 3431 aa

230 3447 381 3499 accercitum
404 3450 549 3521 interrogat
571 3453 643 3505 cuiun
665 3455 800 3524 imperium
826 3453 852 3505 in
877 3452 962 3522 plures
984 3467 1064 3504 unnoa
1081 3455 1151 3502 esset
1167 3445 1333 3501 duraturum.

230 3515 374 3585 Respondit
390 3518 655 3575 “illuminandorum''
688 3528 774 3591 Atque
791 3530 930 3593 propterea
947 3521 1068 3574 studebat
1084 3513 1262 3571 Martinacium
1283 3516 1334 3569 iau-

229 3592 336 3705 perator
359 3586 431 3638 mulia
455 3590 559 3644 allicere
585 3590 746 3658 (diligenter
771 3593 836 3644 euim
854 3599 881 3644 ct
898 3590 1000 3644 curione
1017 3597 1046 3641 at
1062 3585 1207 3639 efficaciter
1222 3594 1334 3638 auruu-

248 3665 310 3708 atur
327 3662 354 3707 et
370 3654 518 3724 inquirebat
534 3661 594 3728 quid
614 3662 639 3712 in
657 3677 705 3711 auo
723 3661 829 3728 imperio
847 3673 986 3728 ageretur,
1011 3665 1040 3710 ut
1062 3654 1147 3707 nnllur
1164 3653 1227 3706 aliua
1242 3652 1333 3722 impe-

229 3724 327 3792 rator)
351 3724 473 3796 ipsosque
491 3728 619 3782 affinitate
636 3727 686 3781 ribi
703 3729 804 3782 iunctoa
822 3731 940 3798 aggredi.
976 3728 1030 3779 Sed
1048 3741 1064 3776 u
1081 3721 1169 3775 divina
1187 3721 1333 3792 providen-

228 3792 267 3844 tia'
283 3792 350 3847 idem
367 3794 508 3847 aberravit.
527 3797 595 3860 Quin
613 3806 641 3851 et
657 3799 683 3850 in
705 3798 864 3850 divinatione
881 3816 927 3869 per
945 3796 1037 3868 pelvim
1054 3809 1103 3862 upa
1119 3791 1236 3846 lobannis
1252 3807 1332 3843 auum

228 3861 330 3930 imperii
351 3879 524 3919 aucceaaorem
549 3865 651 3920 viderat
675 3866 805 3920 Basiliam.
840 3867 934 3937 ltaque
952 3871 1025 3916 certo
1043 3878 1179 3932 perauaaua
1194 3875 1276 3912 cauca
1294 3859 1332 3912 ai-

229 3930 352 4012 gnificata
367 3933 400 3986 ad
418 3935 582 3988 monasticam
599 3935 676 3989 vitam
695 3936 845 3990 condemnat
860 3933 1041 3990 Martinacium
1059 3931 1187 4011 affinitate
1200 3926 1249 3979 ribi
1265 3945 1331 3981 con-

231 4009 342 4052 iunctum
368 4002 510 4070 bominem,
534 4005 642 4072 eiusque
661 4005 759 4058 domum
779 4006 806 4059 in
822 4001 1003 4059 monasterium
1020 4007 1109 4054 mutat.
1145 4000 1214 4052 Hanc
1231 3996 1330 4052 iactura

231 4075 259 4117 ut
283 4068 413 4137 effugeret
438 4075 504 4128 mala
530 4076 564 4127 ab
590 4072 743 4142 imperatore
765 4076 814 4128 eibi
836 4072 999 4128 imminentia.
1035 4073 1098 4123 Cum
1116 4078 1201 4122 autem
1219 4065 1329 4120 omnium

231 4151 277 4186 ore
301 4137 474 4196 celebraretur
496 4144 586 4196 mulier
607 4142 652 4196 illa
679 4144 830 4215 cunctisque
853 4139 1015 4196 admirationi
1032 4150 1117 4198 earet,
1142 4135 1329 4188 Constantinus

231 4203 411 4273 Triphylian,
433 4211 579 4266 fortunatus
601 4211 660 4281 ipso
683 4213 783 4267 nomina
806 4231 852 4265 auo
870 4211 1060 4279 honoribusque
1077 4207 1110 4259 ub
1127 4205 1284 4274 imperatore
1304 4205 1329 4256 ci

230 4273 334 4326 tributis
351 4285 456 4346 propter
472 4282 626 4351 legationem
643 4281 773 4351 glorians,
794 4282 932 4352 compellat
948 4281 1076 4334 mulierem
1093 4281 1122 4327 ut
1139 4283 1167 4327 et
1182 4273 1232 4328 ribi
1249 4290 1328 4345 praa-
