2817 4742
410 316 703 387 HISTORIARUM
727 318 770 385 V.
798 316 855 389 10.
1099 317 1172 387 223

190 489 249 559 10.
298 484 378 554 Ἐπεί
400 486 435 553 δέ
460 484 478 555 ὅ
499 486 615 577 Βαράμ
628 482 777 575 διεγνάκει
794 487 830 557 τά
842 484 1010 572 Ῥωμαϊκόν
1021 481 1091 572 ίχον
1104 488 1174 554 λίαν
1196 496 1219 550 P
1238 496 1288 553 132

74 588 255 669 όξυπιιθῶς
274 590 322 657 int
344 598 410 667 wic
430 589 556 677 ἔναγχος
577 588 639 659 dud
662 588 812 679 Χοσρόοο
839 589 1174 679 παρεστρατηγημένοις
1188 565 1215 620 v
1230 569 1284 623 ²²⁸

75 693 209 775 adroic,
236 700 293 778 τῆς
312 718 343 760 τε
361 700 540 779 συμπλοκῆς
568 694 725 784 ἐφιέμενον
747 689 923 780 άκρότατα,
946 692 1076 780 όρθριος
1088 689 1177 779 γενό-

74 821 175 877 μενος
197 792 260 863 λόει
286 795 340 864 τὸν
357 792 501 883 χάρακα,
530 800 581 865 καί
602 800 727 865 έκκλίνει
747 797 825 884 πρὸς
847 796 887 863 τά
907 792 1054 881 δόσχονρά
1074 821 1107 863 τε
1121 797 1175 863 καλ

50 895 202 983 δάνάντη
223 902 272 963 καί
295 896 429 985 άφιππα.
478 900 612 986 γίνονται
632 906 708 988 γοῦν
724 900 805 984 μετὰ
823 905 917 966 τοῦτο
938 900 972 976 ές
988 898 1025 964 τὸ
1046 900 1179 983 πλησίον

74 1003 188 1068 πεδιόν
202 997 395 1085 καθήμενον,
407 992 502 1069 Ιένθα
523 1006 574 1070 καλ
595 1005 631 1071 τὸ
645 1000 808 1084 Κάνζακον
831 1004 1017 1089 καθίδρυται
1030 998 1179 1085 πόλισμα.

74 1101 500 1189 μεταστροτοπεδευοόμενος
516 1107 551 1173 δέ
566 1110 616 1173 καί
629 1103 646 1175 ὃ
661 1107 778 1191 Βαράμ
793 1107 936 1171 έντεῦθεν
948 1102 1002 1191 ἔφ’
1018 1104 1107 1189 ἕτερα
1121 1103 1179 1181 τιλς

73 1202 228 1289 δυνάμεις
246 1208 449 1290 μετέβαλλεν,
486 1205 633 1286 ι’κλότους
651 1212 794 1276 ίντεῦθιν
807 1214 869 1275 τῶν
880 1204 1038 1291 Ῥωμαίων
1051 1207 1107 1283 τάς
1121 1203 1178 1291 δρ-

74 1308 140 1391 μὰς
156 1306 398 1393 τεκταινόμενος.
448 1311 480 1378 οἱ
492 1314 527 1379 δέ
536 1309 680 1396 ‘Pupiniae
692 1312 750 1402 miv
762 1306 976 1397 μεταχάρησιν
988 1314 1045 1374 τοῦ
1058 1308 1173 1396 Βαράμ
1189 1326 1214 1381 Β

38 1408 245 1496 1οέγνιοκότες
258 1410 397 1503 συντόνῳ
413 1415 521 1505 πορείᾳ
534 1412 663 1500 άγχιστά
675 1441 736 1481 που
755 1421 818 1481 τῶν
832 1413 986 1495 πολεμίων
1004 1435 1176 1498 στρατοπε·

74 1511 234 1581 δεόονται.
284 1512 350 1580 είτα
376 1512 607 1602 προσβάλλουσι
633 1522 765 1606 ποταμῷ
792 1522 838 1606 τῷ
862 1509 1066 1602 Βαλαράθφ,
1094 1513 1176 1580 ἔνθα

74 1616 133 1699 τὴν
147 1612 246 1682 νάκτα
260 1614 488 1700 ίναυλισιίμενοι
505 1614 621 1705 ἡμέρας
642 1617 829 1708 ἀφικομένης
846 1619 941 1705 πεδίῳ
955 1615 1039 1701 aripti
1049 1638 1176 1700 προσαι-

74 1722 226 1804 μίλησαν.
277 1719 308 1786 οἷ
319 1720 377 1805 μέν
392 1712 448 1787 οὖν
468 1722 635 1806 στρατηγοὶ
656 1728 719 1787 τῶν
730 1718 889 1801 Ῥωμαίων
902 1712 1175 1802 διακεκοσμηκόττς

74 1822 115 1886 τά
128 1818 270 1906 μάχιμα,
298 1828 420 1889 πολλῶν
436 1825 487 1887 καὶ
501 1822 632 1904 ἀγαθῶν
652 1817 835 1904 είσηγήστιον
852 1819 888 1885 τό
903 1815 1058 1885 ὁπλιτικὸν
1074 1820 1175 1907 έμφο·

40 1934 69 1987 15
80 1920 250 2007 (νήσαντες,
276 1929 316 2009 τῇ
329 1928 441 2009 τριπλῇ
456 1918 588 2009 φάλαγγι
601 1922 656 1989 τόν
669 1919 804 2000 πόλεμον
817 1917 1024 1988 διεσκεόασαν.
1050 1916 1171 2006 σόμβο-
1188 1936 1213 1991 c

77 2031 131 2090 λον
153 2026 193 2091 δέ
211 2026 242 2091 οἳ
258 2022 402 2107 Ῥωμαῖοι
423 2026 475 2091 καλ
499 2034 563 2101 τοῖς
581 2031 780 2110 συμμαχοῦσι
801 2019 976 2109 βαρβάροις
993 2026 1175 2110 παρείχοντο

79 2126 138 2209 τὴν
150 2134 210 2211 τῆς
222 2124 413 2213 θεομῆτορος
441 2129 490 2192 καί
503 2128 663 2214 παρθένου
679 2131 888 2213 προσηγορίαν
903 2124 1080 2204 διδάξαντες
1086 2177 1098 2209 ,
1121 2129 1176 2194 ivn

74 2228 120 2316 μὴ
145 2237 194 2318 τῷ
217 2230 430 2319 διακεκριμίνφ
449 2235 507 2296 τοῦ
532 2230 637 2316 γένους
658 2226 701 2308 ὥς
723 2229 901 2297 ιλντίπαλονΙ
918 2229 954 2296 τό
980 2230 1174 2314 συμμαχικὸν

79 2334 300 2417 διαφθαρῶσι,
329 2338 387 2397 τοῦ
417 2332 638 2419 συγκεχυμένου
665 2340 723 2419 τῆς
746 2339 926 2417 συμπλοκῆς
954 2329 1174 2419 ἀδιάρθρωτον

43 2432 189 2511 θοαάτοΐς
199 2441 261 2501 τῶν
274 2430 468 2502 οίκειοτάτων
478 2436 686 2523 παρεχομένου
702 2436 759 2521 τὴν
770 2433 915 2522 δήλωσιν.
967 2435 1020 2499 καὶ
1034 2432 1177 2520 παράδο-

79 2532 131 2613 ξόν
157 2562 191 2603 τι
211 2544 319 2623 χρῆμα
343 2538 537 2621 συνέβαινεν·
570 2541 680 2625 ἐγίνετο
701 2539 761 2626 γάρ
790 2542 841 2605 καί
864 2538 1040 2613 Χαλδαίοις
1059 2536 1096 2603 τό
1119 2543 1177 2620 τῆς

83 2641 213 2725 Μαρίας
234 2636 386 2725 σωτήριον
407 2638 518 2725 όνομα.
569 2640 748 2727 κατεκόσμει
767 2644 825 2725 μέν
846 2645 898 2708 καλ
918 2638 936 2708 d
960 2639 1074 2724 Βαράμ
1092 2642 1176 2726 τρισί

81 2739 184 2824 λόχοις
203 2742 259 2826 τὴν
283 2744 395 2809 οίκειάν
414 2741 526 2827 ιλλκῆν,
558 2748 609 2811 καλ
631 2744 668 2811 τὸ
686 2746 743 2828 μέν
762 2746 949 2827 μεσαίτατον
960 2749 1017 2827 τῆς
1027 2738 1174 2817 έκτάξειος

82 2841 224 2927 ίπεΐχενό
241 2841 391 2931 τόραννος
397 2894 409 2925 ,
436 2847 467 2911 οἱ
481 2848 515 2911 δέ
528 2844 671 2933 ἡγεμόνες
681 2855 737 2912 τοῦ
752 2852 945 2931 συμμαχικοῦ
958 2843 1014 2926 τὴν
1029 2840 1084 2930 ἐφ’
1099 2838 1174 2908 ἱκά-

148 3008 177 3063 6.
196 3024 231 3061 an
247 2986 434 3077 καθειμένονλ
520 3010 562 3063 19.
579 3008 768 3079 διαφθείρασι
783 3007 880 3080 κρεῖον.
961 3006 1007 3063 23.
1024 3002 1171 3076 λόγοιςῙΡ.

149 3182 193 3236 10.
228 3182 354 3237 Vammur
375 3183 422 3237 ubi
441 3180 549 3237 rescivit
570 3181 691 3237 Romania
714 3181 853 3253 nimiopere
876 3180 980 3245 delere,
1004 3196 1072 3249 quae
1093 3180 1171 3249 pauiu

85 3254 144 3303 ante
161 3251 291 3305 chosroen
314 3259 344 3306 ut
366 3254 465 3322 collega
488 3250 577 3306 rammi
593 3252 666 3304 ducis
682 3252 792 3319 egisset,
818 3259 846 3302 et
862 3267 972 3319 pugnam
987 3264 1032 3301 eoa
1049 3248 1173 3302 ardenter

85 3321 321 3443 iiiiiiapiii
338 3320 451 3441 ‘¹¹¹⁰f¹¹¹⁰
467 3320 859 3443 t⁰'tiitt³⁸“³tt‘¹ittet
876 3316 985 3441 :tiit
1001 3317 1173 3439 {iiiiii

86 3454 126 3506 ubi
152 3406 297 3511 Carraadurd
315 3407 538 3528 ddepiidddnaniidm
560 3407 799 3527 eet‚popdrodddunt
834 3403 1024 3508 mitriepmoia
1046 3424 1173 3508 Varamud

87 3521 160 3576 etiam
177 3525 227 3577 alin
246 3528 401 3590 exereitum,
419 3543 451 3578 ea
466 3527 563 3580 ratione
583 3529 749 3581 Romanorum
766 3525 875 3595 impetun
892 3524 1099 3593 tanguesnciena‚
1116 3535 1173 3577 tra-

88 3589 163 3643 ducit
199 3594 244 3661 qui
268 3594 323 3647 eiun
343 3594 487 3648 secessione
510 3597 630 3665 cognita,
659 3593 800 3648 continenti
825 3594 917 3647 itinere
940 3593 1065 3656 insecuti,
1096 3608 1172 3660 quam

87 3659 198 3727 proxime
223 3661 309 3714 hortea
333 3669 419 3714 caetra
439 3674 545 3783 ponunt.
586 3664 679 3717 deinde
701 3665 734 3716 ad
758 3663 863 3717 fluvium
881 3664 1043 3715 Balarathum
1061 3667 1173 3723 movent,

89 3728 130 3780 ubi
147 3734 239 3783 exacta
255 3737 329 3783 noete
347 3732 405 3783 luce
423 3742 503 3787 atera
520 3740 651 3803 patentem
669 3750 783 3803 campum
800 3733 987 3800 ingrediuntur.
1022 3730 1075 3781 illic
1093 3728 1173 3780 dunen

88 3796 191 3851 Romani
207 3796 265 3851 acie
281 3798 406 3853 trifariam
422 3802 454 3855 ud
473 3804 594 3871 praelium
611 3802 791 3857 conserendum
809 3803 945 3864 instructa,
963 3798 1048 3853 multia
1059 3803 1085 3848 et
1096 3814 1175 3867 prae-

90 3865 162 3919 claris
185 3867 329 3921 hortatibus
352 3868 454 3922 miiitum
478 3872 573 3925 animos
597 3872 765 3925 exsuscitant
808 3889 856 3941 pro
877 3871 990 3940 symbolo
1015 3874 1100 3919 autem
1119 3866 1174 3918 Ro-

89 3937 152 3988 mani
174 3937 257 3989 uncins
279 3937 355 3991 etiam
374 3938 496 3993 barbares
519 3942 697 3994 salutationem
724 3941 766 3993 dei
790 3940 878 3993 matria
901 3956 932 3991 ac
956 3933 1064 4003 virginis
1080 3933 1174 3990 docent

90 4004 149 4067 (ave
167 4008 291 4074 Maria),
314 4024 346 4058 ne
364 4016 469 4076 propter
486 4010 588 4078 generis
613 4010 791 4063 discretionem
811 4010 893 4061 nucina
910 4024 958 4075 pro
976 4004 1094 4056 hostibus
1112 4021 1173 4058 eae-

90 4073 186 4143 derent,
205 4074 409 4146 quandoquidem
428 4094 512 4145 pugna
529 4082 636 4133 contusa
658 4080 767 4131 maxime
784 4077 902 4147 proprios
920 4071 1041 4126 distincte
1057 4072 1172 4127 interno·

92 4155 159 4219 spere
181 4146 328 4217 nequirent.
363 4146 522 4216 contigitque
543 4148 693 4201 admirabile
718 4149 863 4216 quippiam:
887 4160 945 4196 nam
962 4149 989 4196 et
1005 4143 1094 4195 Pereia
1111 4143 1171 4196 dia·

91 4221 142 4261 rrae
157 4231 245 4267 nomeu
261 4216 373 4269 salutare
396 4214 454 4267 suit.
490 4218 615 4269 Varamue
639 4218 747 4287 perinde
763 4231 823 4267 suos
846 4214 951 4283 digerit.
986 4214 1094 4267 nenium
1114 4213 1172 4283 ipsa

93 4278 168 4347 regit,
183 4300 201 4337 a
223 4284 324 4339 dextris
348 4291 376 4338 et
399 4284 510 4339 sinistris
531 4286 625 4357 reliqui
649 4288 729 4341 duces
751 4290 849 4342 curant.
883 4284 1033 4355 elephantus
1055 4282 1171 4352 insuper,
