2817 4742
449 315 597 386 IOEGUM
624 317 660 386 L.
682 314 741 380 lv.
1074 311 1146 382 12³

40 487 226 579 θυράακος·
251 489 302 556 καί
318 489 345 555 ελ
358 488 414 572 μίν
427 481 588 574 διαιρήσος
607 485 682 554 iada
701 483 871 568 εάπληκτον
884 482 1091 569 πορσπίμψοι
1104 486 1149 572 aqi

41 604 114 664 τῶν
135 595 338 681 Ἀρμενιακῶν
357 591 377 674 ἢ
400 597 444 681 τῷ
461 597 517 658 τοῦ
531 594 718 674 Χορσιανοῦ
731 587 864 670 θίμοιτι,
886 581 1060 670 κατάδηλον
1074 582 1149 669 ἡμῖν

43 706 145 766 τοῦτο
166 694 329 782 ποιήσατε·
356 693 407 770 ὅτε
420 695 454 761 dd
469 691 647 776 ἀποκινῆσαι
661 698 719 758 τοῦ
732 686 944 775 Βοθυράακος
952 737 964 771 ,
989 686 1149 773 ἀποστρα-

45 803 159 889 φίντες
180 800 266 884 ἣκετε
288 798 365 883 πρδς
387 795 478 882 ἡμᾶς.
490 797 510 830 ”
561 795 708 863 ἀπελθὼν
727 796 830 859 τοίνυν
847 789 977 877 ἱσπίρας
991 788 1008 858 ἀ
1020 787 1151 878 Χρυσί-

15 917 36 971 5
43 931 117 990 χειρ
139 899 288 986 ἐσκήνωσε
311 898 413 982 κάτω,
443 900 472 967 oi
493 901 526 967 δὲ
548 893 758 984 στρατηλάται
773 899 817 970 είς
830 895 884 961 τδν
899 893 985 979 ζυγδν
1000 894 1153 982 προσανί-

45 1016 157 1091 βησαν
178 1009 228 1071 καί
249 1004 446 1089 ηὐλίσθησαν
468 1003 510 1080 είς
531 1029 599 1068 τινα
624 999 722 1067 τάπον
745 995 1028 1080 κατονομοζόμενον
1041 1003 1152 1084 Ζωγο-

46 1107 182 1193 λὸηνον·
209 1099 301 1184 οἶτος
319 1103 378 1194 γάρ
397 1110 478 1174 dom
493 1107 525 1172 ίκ
540 1098 716 1193 πετρώδους
727 1098 908 1185 συμπήξεως
923 1098 1151 1182 δυσανάβοιτος,

48 1215 86 1278 ἓν
109 1203 134 1300 ᾧ
153 1209 212 1294 ὕλη
233 1207 440 1297 πολίδενδρος
456 1209 599 1296 πίιγυκεν.
651 1213 714 1272 τῶν
727 1199 781 1272 ode
794 1204 960 1290 εἰρημίνων
976 1211 1154 1289 στρατηλα-

48 1322 118 1381 τῶν
140 1315 232 1380 ἓκεῖσε
251 1311 565 1396 διαναπαυσαμίνων,
592 1311 759 1398 φιλονεικία
781 1333 828 1385 τις
851 1306 1000 1390 ἀνίκυψεν
1020 1306 1148 1393 ἀνδρικὴ
1164 1327 1198 1383 v,
1214 1326 1249 1382 59

3 1434 42 1486 10
51 1424 119 1484 τῶν
133 1414 290 1501 ἀρχόντων
303 1412 446 1500 ἀλλήλοις
462 1411 676 1499 ἀντεριζάντων
687 1414 766 1489 τίνες
779 1411 818 1478 ἀν
833 1407 890 1478 είεν
904 1414 1069 1495 κρείττους,
1095 1407 1154 1478 πά·

48 1544 144 1606 τερον
167 1520 197 1584 οἱ
217 1519 277 1587 ἀπδ
296 1527 354 1586 τοῦ
375 1526 437 1585 τῶν
456 1515 658 1602 Ἀρμενιακῶν
681 1516 822 1598 θίματος
844 1511 864 1599 ἢ
888 1521 944 1580 τοῦ
967 1519 1153 1614 Χορσιανοῶ

51 1620 239 1707 ῶρμημίνοι.
291 1630 354 1689 τῶν
371 1614 426 1686 οὖν
443 1625 662 1706 Χαρσιανιτῶν
683 1616 937 1705 φιλονεικούντων
952 1616 993 1681 τά
1005 1626 1153 1702 πρεσβεῖα

52 1723 178 1800 ἑαυτοῖς
190 1732 244 1808 τῆς
259 1723 400 1808 ἀνδρείας
417 1726 572 1789 ε’πιδοῦναι
587 1721 607 1806 ἢ
621 1733 687 1796 τοῖς
702 1719 834 1804 ἱτίροις,
861 1720 891 1784 oi
907 1719 1096 1803 Ἀρμενιακολ
1110 1717 1155 1786 εί-

51 1854 116 1893 πον
132 1827 210 1914 πρὸς
223 1824 335 1903 αὐτούς
359 1833 383 1867 “
391 1829 424 1892 τί
435 1834 610 1913 φιλονεικεῖν
624 1824 667 1891 ἴτε
681 1826 749 1908 περὶ
764 1822 907 1905 ἀνδρείας
919 1824 953 1887 ἐκ
964 1818 1065 1907 λόγων
1074 1830 1155 1905 βου-

9 1943 45 1998 15
54 1928 199 2013 λάμεθας
231 1936 405 2014 πρακτικῶς
429 1941 493 2006 τοῖς
512 1930 665 2010 πολεμίοις
687 1921 934 2011 παρεμβάλωμεν
956 1922 1069 2012 ἀμφω·
1104 1927 1156 1991 καί

54 2031 129 2098 τότε
151 2033 347 2116 φανερωθειή
369 2033 495 2109 ἕκαστος
513 2029 623 2113 ἡμῶν,
649 2028 755 2105 δποῖος
771 2025 877 2112 ἕτίρου
893 2026 1159 2112 κοθίστηκεν-ἀν-

55 2129 269 2218 δρειάτερος.”
322 2133 351 2196 οἶ
372 2135 406 2198 δὲ
425 2132 628 2217 στρατηγίται
649 2126 843 2212 διακηκοότες
863 2130 1006 2214 περὶτῆς
1028 2126 1159 2215 ἀμίλλης

56 2236 183 2313 αὐτῶν,
211 2232 255 2299 δι’
279 2234 383 2300 αὐτῶν
408 2235 441 2300 δέ
463 2237 513 2299 καὶ
529 2241 584 2317 τῆς
599 2240 653 2298 rori
669 2239 747 2298 λαοῦ
761 2234 941 2315 προθυμίας
955 2232 1160 2300 συνευδοκού-

56 2363 117 2423 σης
139 2336 263 2417 αὐτοῖς,
300 2335 412 2423 ἤγαγον
434 2339 484 2402 καὶ
508 2332 664 2421 είρήκεσαν
702 2342 724 2373 “
733 2341 966 2421 προθυμεῖσθε,
1002 2328 1160 2422 ῶάνδρες

14 2437 263 2523 κοάνθάμιλλοι,
281 2441 334 2504 ’ἵνα
347 2449 413 2515 τοῖς
427 2441 580 2521 πολεμιόις
587 2487 598 2519 ,
619 2444 698 2518 θεοῦ
712 2445 947 2523 συνεργοῦντος,
970 2437 1158 2523 προσβάλω-
1174 2454 1198 2509 li

57 2543 156 2627 μεν.”
207 2542 286 2626 πρὸς
307 2542 361 2619 οδς
381 2538 624 2628 γενναιοεγρόνως
637 2542 754 2628 ίξεῒπον
782 2549 804 2578 “
812 2542 873 2612 ναί.
923 2543 975 2606 καί
995 2542 1047 2608 διά
1066 2550 1160 2610 τοῦτο

59 2646 144 2735 ὅρκῳ
157 2647 289 2734 papia-aqi
305 2652 359 2728 τῆς
372 2653 533 2728 βασιλικῆς
547 2650 682 2730 κεφαλῆς
693 2647 934 2727 περιδεσμοῦμεν
948 2641 1032 2727 ἀμᾶς
1038 2695 1049 2725 ,
1075 2645 1161 2722 ὅπως

59 2753 287 2832 συμπλακῶμεν
301 2748 416 2825 αὐτοῖς.
468 2745 485 2815 ὃ
500 2748 560 2835 γάρ
574 2744 669 2824 τόπος
682 2750 715 2813 ἓν
729 2738 755 2837 ᾧ
769 2747 986 2834 ἓρηρείσμεθα,
1014 2754 1075 2814 τῶν
1089 2749 1161 2832 ίχυ-

132 2911 176 2968 13.
189 2909 310 2978 ἑταίροις
326 2911 357 2964 L.
461 2911 503 2966 15.
519 2907 732 2982 παρεμβάλομεν
749 2908 781 2966 b.

61 3049 315 3132 Βεελλιγετλιγειοεια.ο
330 3047 369 3132 Et
385 3047 407 3130 ri
425 3047 526 3118 quidem
536 3053 641 3133 partem
659 3047 768 3132 aliquam
791 3046 922 3132 exereitum
956 3063 1007 3103 nae
1022 3047 1100 3132 saciie
1115 3063 1161 3132 ετ-

62 3116 1163 3253 ἓξῖἓλίῗῗλλῗῗῗῗλέλλλλλλλῖῗδίάλλξλιῖλλῗ’ἳζπιὶΐλλ’ἀλλ

63 3256 99 3308 ad
127 3252 208 3306 not-'’
244 3254 352 3324 Vesperi
368 3255 447 3322 igitur
464 3257 596 3323 proiectus
613 3255 772 3323 Chryeoebir
789 3265 877 3307 caetra
893 3256 980 3323 potuit
995 3255 1021 3306 in
1038 3255 1164 3307 inferiore

62 3325 138 3386 loco,
157 3327 289 3389 praetores
306 3332 388 3376 autem
406 3325 488 3377 nostri
503 3326 530 3376 in
548 3324 633 3392 iugum
651 3323 744 3376 nuntie
761 3323 950 3376 adscenderunt
965 3332 1165 3391 manseruntque

63 3394 91 3446 in
111 3391 221 3457 quodam
238 3391 295 3442 ioco
313 3391 476 3459 Zogoloenon
494 3392 578 3446 dictor
607 3399 648 3445 ert
664 3391 730 3445 enim
748 3400 856 3461 propter
872 3410 951 3462 rupee
967 3393 1094 3446 adaceneu
1111 3391 1166 3443 ‹tir-

64 3461 142 3514 iiciiio
167 3460 296 3528 habetque
320 3460 423 3513 densam
449 3461 547 3516 riivem.
582 3460 702 3514 Ceterum
727 3460 890 3530 praetoribus
912 3461 949 3515 ibi
971 3461 1166 3530 quiescentibus

58 3528 199 3582 ¹contentio
216 3527 340 3596 quaedem
357 3537 449 3582 exone
466 3540 506 3582 eat
522 3531 555 3583 de
573 3531 741 3595 fortitudine,
766 3530 872 3583 ducibus
890 3530 958 3584 inter
974 3549 1003 3584 ee
1020 3529 1166 3583 rixantibue

64 3598 120 3651 utri
138 3598 254 3666 potiores
270 3605 368 3658 errent,
391 3605 474 3650 utrum
491 3599 510 3650 ii
527 3600 570 3668 qui
589 3608 651 3652 runt
667 3600 699 3652 ab
718 3599 939 3665 armeniacorum,
957 3617 990 3654 an
1006 3598 1027 3651 ii
1044 3599 1087 3668 qui
1104 3607 1167 3652 eunt

65 3685 83 3721 a
100 3665 237 3718 Cbarsiani
255 3666 378 3718 themate.
413 3665 527 3734 Cumque
545 3670 726 3722 Charaiauitae
742 3670 927 3721 contenderent
944 3669 1040 3738 primae
1057 3668 1166 3722 tortitu-

66 3735 135 3788 dinie
160 3735 210 3786 eibi
236 3736 323 3804 potius
343 3733 496 3786 deserendae
519 3754 575 3790 aare
598 3755 674 3806 quarn
697 3737 802 3800 alteria,
825 3736 969 3790 Armeniaci
993 3737 1114 3790 dixerunt
1130 3735 1166 3788 ad

67 3821 114 3858 eea
131 3803 217 3872 “quid
235 3803 343 3870 amplius
360 3804 515 3855 contendere
531 3805 564 3855 de
581 3806 734 3859 fortitudine
750 3805 838 3859 verbio
854 3807 990 3874 cupimus?
1015 3805 1100 3873 reipea
1117 3803 1166 3856 bo·

66 3882 122 3926 ster
145 3872 327 3940 aggrediamur
350 3871 465 3939 utrique=
491 3881 569 3940 atque
587 3884 648 3927 tunc
664 3874 801 3944 apparebit
826 3875 910 3944 quadie
926 3875 1035 3958 quiaque
1052 3878 1165 3925 montrum

67 3944 105 3995 ait
120 3949 148 3994 et
165 3942 222 4009 quia
239 3940 322 3994 altero
341 3938 466 3993 fortior.”
501 3941 638 3996 Praetores
659 3961 763 4012 quoque
779 3961 834 3997 cum
852 3946 1012 3997 aodirraeeut
1028 3941 1062 3993 de
1078 3948 1166 4009 certa·

67 4011 135 4064 mine
152 4007 259 4062 iatorurn
278 4017 354 4062 etex
373 4008 462 4062 iisdem
485 4009 672 4065 inteliexireent
688 4012 793 4064 miiitum
810 4013 986 4071 alacritatem,
1010 4025 1077 4078 quae
1099 4009 1165 4077 iprie

69 4079 204 4148 placebat,
215 4125 218 4132 ,
231 4079 359 4131 duxerunt
376 4079 465 4147 eisque
482 4078 604 4131 dixerunt
628 4081 779 4144 “vultisne‚
803 4099 819 4133 ο
837 4082 942 4141 aemiuli,
965 4086 994 4131 ut
1010 4077 1099 4131 boatea
1115 4078 1166 4131 deo

70 4156 228 4215 cooperante
246 4145 474 4215 aggrediamur?’'
509 4147 611 4210 Quibus
628 4149 708 4202 aiaori
725 4151 807 4203 animo
825 4148 1014 4216 responderunt
1038 4147 1115 4199 “itae
1137 4153 1167 4200 et

69 4224 211 4284 propterea
226 4215 389 4269 iureiurando
407 4213 514 4269 marimo
532 4233 579 4286 per
595 4215 758 4302 imperatoria
779 4227 858 4285 caput
874 4233 922 4269 noa
939 4214 1120 4284 obstringimus
1136 4221 1167 4268 ut

69 4282 236 4352 confligendo
256 4301 313 4338 curo
334 4285 396 4341 iii'u.
430 4284 515 4340 laocur
539 4286 606 4340 euim
630 4303 657 4340 ιιι
680 4305 734 4358 que
751 4285 797 4341 titi
811 4301 899 4340 eumue
920 4291 962 4341 eat
977 4285 1166 4349 munitissimae,
