2817 4742
221 254 291 325 tuo
355 345 358 349 ,
605 253 927 322 τααουιιειιοτι

219 421 444 510 τοινοάομόσας
467 426 518 489 καί
539 420 689 500 ἑλεπόλεις
713 418 971 507 περιστησάμενος
980 428 1137 507 χειροῦται
1151 422 1204 505 τὴν
1218 416 1311 486 πόλιν

219 532 270 595 καί
293 530 361 591 λίαν
385 529 495 614 κομιδῇ
527 528 637 613 ε’χυράν
658 533 872 596 καθεστῶσαν.
921 522 1040 591 τοάτων
1067 523 1084 589 ό
1107 524 1312 609 αὐτοκράτωρ

217 631 380 706 Ἰουστῖνος
400 626 555 713 ἀκηκοώς,
588 633 792 715 καταπλαγείς
813 632 864 694 ε’πί
885 636 923 715 τῇ
944 626 1028 715 ῥάμη
1050 634 1107 709 τῆς
1130 635 1312 712 συμφορᾶς,

222 734 259 800 οὐ
278 734 357 817 μετὰ
378 733 456 797 πολό
480 734 513 797 δὲ
538 735 589 799 καί
610 728 690 821 νόσῳ
712 723 903 816 ’παραφοριῖς
924 730 1111 813 βεβλημένος
1133 734 1185 793 καὶ
1208 730 1262 812 τὴν
1279 733 1315 805 ἐς

178 872 180 877 ’
223 836 352 922 ὕστερον
371 842 434 901 τῶν
456 842 557 902 κακῶν
583 834 688 910 ἀειλιῶς
709 832 883 918 ε’πικάησιν,
918 834 1079 916 ἀνακαιχὴν
1101 834 1157 915 μίν
1176 839 1232 898 τοῦ
1246 836 1344 900 let-⁵

224 946 343 1014 στῶτος
358 937 447 1014 ίτους
469 942 596 1004 ε’ποιεῖτο
614 937 691 1023 πρός
706 938 832 1021 Πίρσας
841 986 852 1016 ,
878 942 933 1018 τῆς
949 933 1042 1001 νόσου
1065 935 1099 998 δ”
1118 935 1202 1023 αὐτῷ
1216 938 1320 999 ε’πιτι-

225 1043 355 1125 θεμένης
370 1042 438 1105 λίαν
451 1038 491 1117 ῶς
507 1040 580 1117 ίπος
593 1045 684 1107 είπεΐν
697 1046 853 1125 γεννικῶς,
881 1039 1023 1125 Τιβέριον
1037 1038 1181 1127 υἱοθεσίρ
1195 1035 1320 1119 κοσμῆ-
1345 1094 1350 1101 .

226 1169 284 1219 σας
297 1146 347 1210 καί
360 1150 414 1225 τῆς
425 1146 582 1225 βασιλείας
604 1143 748 1208 κοινωνόν
768 1139 971 1224 ποιησάμενος
991 1138 1174 1225 ἀνηγόρευσε
1191 1144 1321 1204 Καίσιο-

187 1256 211 1309 Ι)
229 1270 286 1331 ρα·
310 1244 429 1331 ἦγεμῶν
445 1246 478 1310 δ’
503 1238 593 1322 οὗτος
615 1244 775 1331 ἐτύγχανεν
796 1244 839 1309 ῶν
854 1252 917 1311 τῶν
935 1250 991 1309 τοῦ
1006 1244 1156 1325 βασιλέως
1169 1267 1322 1324 σωματο-

227 1344 373 1437 φυλάκων
393 1350 442 1413 καί
462 1344 660 1414 ὑπασπιστῶν
667 1397 679 1427 ,
705 1348 740 1415 ὃν
753 1344 872 1431 κόμητα
897 1343 1125 1430 ε’ξκουβιτῶραιν
1137 1352 1175 1433 τῇ
1187 1342 1321 1428 συνήθει
1331 1360 1365 1412 10

228 1458 316 1541 φωνῇ
332 1452 407 1526 ἔθος
416 1446 575 1532 Ῥωμαίοις
591 1457 703 1517 καλεῖν.
755 1447 980 1536 παραβήσομαι
997 1450 1031 1514 δὲ
1047 1451 1097 1513 καί
1120 1449 1177 1524 τάς
1191 1444 1324 1530 uuelhi-

229 1579 286 1630 κας
300 1560 355 1618 τοῦ
370 1550 608 1637 αὐτοκράτορος)
636 1552 674 1629 ἀς
689 1556 821 1641 Τιβερίῳ
835 1560 879 1640 τῷ
894 1555 1030 1633 Καίσαρι
1048 1552 1127 1616 κατὰ
1144 1552 1198 1617 τόν
1212 1552 1323 1634 καιρόν

230 1664 286 1739 τῆς
300 1653 495 1740 ἀναρρήσεως
520 1659 703 1740 δημηγορῶν
719 1656 951 1741 παραιλίόανκεν,
980 1656 1017 1720 οά
1039 1651 1197 1719 καλλόνων
1213 1654 1325 1736 τὸτῆς

231 1759 338 1836 λίξεως
351 1758 479 1833 ἀκαλλίς
486 1806 497 1837 ,
521 1758 595 1824 etot
608 1784 638 1823 τι
651 1765 860 1846 μεταμορφῶν
873 1760 907 1825 τό
923 1760 968 1841 μὴ
983 1756 1252 1838 κεκαλλιεπημίνον
1265 1763 1326 1839 τῆς

233 1859 389 1949 φράσεως,
418 1858 498 1925 ἀλλά
515 1888 574 1926 που
593 1863 708 1947 γυμνὴν
723 1863 778 1943 τὴν
799 1868 860 1927 τῶν
882 1860 1028 1948 ῥημάτιον
1043 1862 1165 1924 ἔκθεσιν
1183 1856 1322 1924 ἀποστο-
1332 1867 1364 1923 15

234 1965 312 2048 ρίσω
327 1974 391 2040 τοῖς
406 1961 621 2050 ἀφηγὴμασιν,
645 1967 697 2029 ’ίνα
721 1972 766 2053 τῶ
783 1965 988 2053 ἀναμφιάστηι
1004 1966 1054 2028 καλ
1069 1958 1325 2051 ἀπαραχαράκτῳ

146 2072 166 2123 l’
184 2072 217 2125 77
234 2073 289 2150 τῆς
305 2066 432 2145 terror,
459 2063 501 2141 ῶς
514 2066 571 2149 ἕχει
589 2065 718 2151 φάσεως,
744 2067 781 2132 τό
796 2074 859 2132 τῶν
873 2062 1197 2151 παρηκολουθηκότοιν
1212 2065 1326 2148 προελ-

234 2177 290 2234 toa
304 2166 484 2233 ἀνόθευτον.
536 2174 590 2252 τῆς
609 2172 711 2234 τοίνυν
737 2166 908 2252 συγκλήτου
932 2175 1048 2251 βουλῆς
1068 2172 1100 2241 ἐς
1113 2165 1224 2232 ἑαυτὸν
1237 2193 1327 2250 γενο-

235 2271 344 2353 μένης,
374 2277 431 2335 τοῦ
454 2295 485 2335 τε
508 2270 661 2355 ἱερατικοῦ
689 2270 861 2356 καταλόγου
888 2270 1174 2354 συναθροισθέντος
1193 2268 1259 2351 ἅμα
1281 2274 1327 2357 τῷ

237 2376 449 2437 ίπιστατυῦντι
466 2376 516 2437 καλ
536 2373 575 2437 τά
590 2381 644 2455 τῆς
662 2376 820 2457 ἐκκλησίας
835 2371 969 2457 πηδάλια
984 2370 1165 2451 ιλιιθόνοντι,
1193 2369 1210 2437 ό
1228 2371 1366 2445 αὐτο-20

239 2472 359 2558 κράτεορ
377 2473 478 2558 ῶσπερ
494 2472 589 2551 ἕστῶς
606 2479 653 2541 ε’πὶ
664 2474 806 2559 βήματος
823 2480 955 2564 Τιβερίῳ
970 2475 1216 2559 τάόεπαρίίίετο.
1244 2475 1326 2552 “e'eir‘,

240 2574 257 2643 ό
282 2577 355 2652 θεὸς
378 2573 395 2642 ό
418 2571 584 2662 ἀγαθόνων
608 2602 653 2643 οε.
704 2586 797 2644 τοῦτο
819 2578 855 2643 τό
880 2585 984 2661 σχῆμα
1006 2575 1109 2661 όθεός
1127 2600 1176 2641 σοι
1188 2578 1328 2655 (illiorum,

311 2793 336 2847 1.
352 2788 596 2860 παραστησόμενος
612 2791 654 2844 ΙΡ.

243 2986 271 3031 et
288 2994 377 3046 equom
396 2976 446 3030 ello
463 2976 608 3042 derivavit,
629 2983 766 3047 turresque
783 2979 897 3031 turribus
915 2977 1047 3047 oppositos
1064 2976 1221 3038 construxit,
1238 2983 1267 3029 et
1285 2994 1332 3029 ex-

243 3045 413 3119 pugnatorius
436 3048 564 3099 mueliinus
588 3047 668 3117 (quoe
692 3048 822 3117 helepolos
844 3047 977 3114 utronno)
1001 3049 1138 3109 oellrilmit,
1162 3045 1263 3097 tetidem
1282 3049 1331 3098 ειιί)

265 3123 398 3167 oteetetem
416 3115 534 3167 subiecit.
569 3116 608 3167 liis
632 3116 773 3179 rruurtiutie,
799 3117 910 3168 lustinus
936 3118 1074 3185 imperetur
1090 3114 1243 3168 calamitatis
1261 3116 1289 3167 vi
1307 3122 1333 3166 et

245 3191 340 3251 impetu
359 3184 506 3251 perculsus,
529 3200 576 3234 nec
594 3186 669 3237 merito
689 3194 747 3253 pust
763 3191 847 3237 mente
864 3187 1006 3248 ulieuetue,
1026 3185 1213 3250 loruuieleneqoe
1231 3201 1264 3234 ue
1284 3184 1334 3234 ulie

245 3251 350 3319 insuper
367 3252 431 3303 niele
449 3254 597 3315 existerent,
616 3253 760 3319 praesentis
777 3253 835 3303 exiiii
852 3253 965 3305 indutias
981 3271 1037 3304 oum
1054 3254 1141 3305 Persis
1160 3251 1231 3301 lucit
1269 3251 1333 3302 vitio

246 3320 338 3373 ruentis
362 3320 500 3382 audacius,
523 3326 552 3370 ut
574 3320 611 3370 itu
635 3320 734 3382 dicam,
758 3323 958 3388 progrediente,
981 3321 1114 3373 Tiberium
1132 3319 1270 3371 honoribus
1290 3336 1332 3371 or-

247 3388 355 3441 nandum
372 3386 495 3457 suscipit,
519 3394 547 3439 et
569 3386 647 3440 silium
669 3388 718 3440 eibi
743 3388 870 3456 edoptuus
894 3389 1043 3457 imperiique
1060 3397 1202 3441 coiuortetn
1220 3388 1335 3455 allegent

247 3458 384 3509 Ceeeurem
412 3454 549 3509 renuntiet.
592 3457 634 3509 hic
657 3456 802 3509 'custodum
833 3462 948 3541 eorporis
976 3458 1145 3509 sutellitnmve
1172 3456 1335 3525 imperatorie

269 3525 396 3575 ruelectur
420 3532 493 3586 erut,
511 3542 583 3593 quem
602 3524 696 3577 usitetu
713 3544 777 3578 voce
795 3530 969 3579 excubitorum
987 3528 1102 3578 comitem
1121 3526 1225 3579 {tonent
1243 3524 1335 3595 eppei·

248 3541 334 3646 ἀίοντι.
369 3593 417 3642 hoc
435 3594 489 3643 Ιοοο
507 3594 715 3711 praeceptiones,
733 3612 797 3663 quus
815 3595 924 3647 lustinus
941 3596 1066 3658 Tiberio,
1083 3612 1198 3646 sermone
1215 3595 1251 3645 uri
1267 3612 1336 3655 eursu,

249 3679 300 3743 quo
319 3667 432 3728 tempore
457 3662 555 3713 Cursor
571 3665 748 3726 suutubutur,
770 3664 872 3726 habito,
893 3665 1014 3724 eredidit,
1032 3666 1179 3717 irrueremus.
1214 3662 1336 3715 dictionis

250 3728 440 3795 simplieitatem
468 3745 517 3779 non
542 3730 713 3797 expolienius3
737 3750 785 3783 neo
808 3734 877 3801 quod
895 3734 976 3785 minue
992 3733 1124 3798 eleganter
1141 3731 1266 3800 prolatum
1286 3736 1336 3794 eet,

250 3798 278 3851 in
295 3798 400 3850 lormem
417 3796 493 3850 elium
511 3798 734 3851 eonuuutobiuius:
759 3800 804 3851 eeel
829 3802 896 3853 leude
919 3802 974 3854 eius
991 3803 1071 3853 verim
1089 3800 1129 3851 lois
1145 3802 1337 3852 narrationibus

250 3866 408 3930 intexeretur,
432 3874 461 3917 ut
483 3867 550 3947 quod
573 3866 723 3934 inquirendo
747 3870 857 3920 aeeouti
878 3886 962 3921 nutrius
985 3877 1012 3921 et
1031 3869 1216 3930 intelleximus,
1240 3869 1267 3918 id
1288 3884 1336 3920 uon

251 3934 396 3989 elocutione
413 3934 547 3987 festiviore
564 3934 644 3987 voluti
662 3937 830 3987 convestiturn
854 3946 898 3989 eut
914 3938 988 4006 signo
1003 3938 1069 3991 luiso
1086 3940 1274 3995 adulteratum,
1294 3934 1335 3988 eorl

251 4010 282 4057 ut
298 4019 345 4073 per
357 4011 389 4055 'se
407 4010 434 4055 et
450 4011 540 4056 neture
556 4020 604 4055 erre
622 4010 677 4069 est,
701 4006 735 4055 ud
753 4010 869 4073 posteros
884 4005 1009 4059 sincerum
1027 4024 1223 4089 germanumque
1242 4006 1336 4072 prode·

254 4087 319 4125 mue.
353 4071 436 4125 uouito
452 4071 532 4139 igitur
548 4078 637 4125 senatu
655 4086 682 4126 et
699 4075 770 4127 oleru,
785 4092 834 4126 unu
849 4093 906 4127 eum
925 4075 1039 4145 principe
1055 4093 1120 4138 suo,
1144 4090 1188 4143 qur
1212 4074 1336 4126 eoelesiee

255 4140 355 4193 olavum
373 4142 495 4205 tenebor,
512 4140 651 4208 imperator
664 4159 710 4194 ceu
727 4160 775 4225 pro
793 4144 913 4197 concione
927 4152 999 4197 stoue
1015 4143 1147 4197 Tiberium
1166 4142 1235 4195 hisee
1250 4144 1336 4196 verbis

256 4207 394 4264 admonuit
418 4214 480 4276 “eu,
496 4208 558 4263 uleus
569 4210 719 4265 beneficium
727 4229 753 4263 uu
768 4220 796 4265 te
809 4213 919 4268 confert.
952 4215 1017 4268 lteeo
1030 4213 1142 4282 meiguio
1152 4210 1216 4266 deus
1227 4211 1278 4266 tibi
1293 4214 1336 4268 ‹lo-
