2817 4742
176 1035 177 1038 Ὗ
237 1071 444 1166 nicom
472 1071 730 1208 rourum
758 1077 1103 1170 nnmerum.

292 1421 567 1490 SERENISSIMO
593 1421 772 1490 PRINCIPI
796 1425 847 1492 AG
871 1426 1053 1510 DOMINO,

122 1580 1213 1737 nmaxrrtrurano,

173 1771 450 1870 unmosouu
481 1795 721 1854 nrvrnmo
753 1792 885 1872 nom,
916 1790 1162 1860 ranarrrto

518 1913 682 1988 nuum,
713 1915 817 1976 uro.

123 2049 253 2152 Munus
273 2088 425 2176 quoddam
447 2063 640 2170 historicum,
665 2087 734 2178 ipso
757 2111 867 2172 genere
883 2112 994 2171 unuin,
1021 2092 1213 2179 expositione

125 2189 310 2276 bipartitum,
335 2192 566 2257 Maxrrrrnranr
592 2214 761 2272 ruinosus,
787 2193 826 2259 ud
849 2206 880 2257 te
898 2195 998 2260 mitto.
1049 2196 1089 2259 do
1112 2196 1213 2282 irnpe-

105 2385 107 2388 .
125 2293 167 2354 rio
182 2307 212 2358 et
225 2295 457 2383 imperatoribus
471 2295 608 2360 Orientis
621 2296 781 2383 scriptores
796 2298 831 2360 hi
847 2301 938 2362 ambo
951 2311 1137 2377 memorant,
1173 2298 1211 2362 de

125 2392 265 2462 Mauricio
282 2398 407 2462 Tiberio
421 2399 544 2486 quidem
559 2399 657 2485 prior,
683 2410 718 2460 ut
738 2401 871 2482 longior,
895 2400 937 2464 ita
958 2421 1076 2487 quoque
1092 2401 1211 2481 gravior

127 2511 154 2560 et
173 2502 332 2580 illustr-ion
365 2501 404 2564 de
424 2501 614 2581 Palaoologis
637 2501 802 2565 Comnenis
825 2504 988 2587 posterior,
1024 2515 1057 2564 ut
1073 2505 1210 2569 ‚chrono-

126 2606 265 2690 graphus,
296 2604 480 2669 contractior.
537 2605 615 2665 inter
635 2603 717 2665 illius
743 2615 773 2665 et
800 2605 909 2691 horum
931 2615 1069 2690 tempora
1095 2598 1210 2692 aliquot

127 2711 236 2769 saecula
270 2708 446 2787 fluxerunt,
477 2706 550 2768 anui
580 2705 803 2792 propemodum
829 2708 1034 2793 septingenti3
1066 2706 1098 2769 id
1127 2707 1208 2792 quod

126 2811 322 2872 narrationum
337 2810 369 2872 in
391 2833 453 2876 uno
473 2810 629 2874 volumine
649 2810 889 2870 coniunctionem
904 2807 1054 2893 impedire
1070 2829 1134 2871 non
1151 2809 1207 2871 dc-

126 2908 197 2989 buit,
223 2911 344 2998 quando
366 2910 419 2971 uni
442 2911 603 2994 eidemque
624 2911 755 2995 imperio
773 2914 980 2996 praefuerunt,
1006 2909 1206 2992 Byzantium-

126 3032 176 3094 quc
196 3036 310 3078 novam
335 3011 485 3092 Romam,
504 3023 540 3092 ¹ut
561 3011 776 3075 Constantinus
793 3011 921 3094 Magnus
936 3015 1086 3100 appellare
1101 3016 1205 3093 voluit,

33 3111 34 3114 '
127 3115 223 3180 sedem
243 3139 278 3179 ac
299 3116 488 3179 domicilium
510 3117 693 3195 habueruut,
727 3128 758 3178 et
782 3138 861 3201 quae
875 3129 1148 3179 commemorantur
1166 3121 1204 3181 ab

127 3230 260 3306 utroque,
301 3219 341 3282 ad
359 3219 442 3283 idern
471 3219 633 3304 imperium
664 3218 851 3304 eandemque
879 3221 1030 3284 civitatem
1060 3232 1203 3306 spectant.

127 3319 277 3385 Florebant
291 3345 340 3386 res
354 3335 384 3384 et
406 3325 524 3385 stabant
543 3322 711 3384 incolumes
731 3322 827 3384 adhuc
840 3325 896 3384 sub
910 3321 1056 3384 Mauricio
1068 3324 1203 3408 principe

127 3427 338 3508 potentissimo.
389 3424 623 3488 deflorescebaut
650 3439 680 3487 et
699 3425 906 3488 accidebantur
926 3425 1118 3510 potissimum
1146 3429 1201 3488 sub

129 3523 324 3610 Palacologis,
350 3550 419 3590 curn
434 3527 622 3590 Osmanidae
638 3529 705 3610 sire
721 3527 885 3613 Turcarum
896 3549 1002 3608 reges,
1024 3529 1157 3591 nominis
1172 3541 1202 3590 et

128 3631 283 3695 maiestatis
312 3631 498 3695 Christianae
526 3631 733 3709 infestissimi,
761 3652 884 3716 sempor
911 3630 1031 3716 aliquod
1058 3642 1201 3717 tanquam

129 3737 287 3796 membrum
302 3731 346 3797 do
359 3735 473 3816 ingenti
490 3746 520 3812 et
540 3735 779 3824 praeclarissimo
800 3754 929 3819 corpore
940 3734 1116 3811 avellerent,
1143 3733 1200 3794 do-

129 3855 176 3897 nec
190 3837 309 3902 tandem
325 3840 450 3900 numine
471 3839 650 3900 connivente
671 3838 940 3900 fortunatissimam
954 3836 1037 3897 illam
1053 3835 1201 3914 augustis-

129 3937 284 4029 simamqu'e
307 3945 429 4021 urbem,
456 3963 488 4002 re
511 3962 582 4004 vera
603 3945 784 4003 caeterarum
805 3942 924 4002 urbium
934 3936 1094 4018 βασιλίδα,
1119 3937 1199 4017 ragi-

129 4058 191 4104 nam
203 4067 235 4107 ac
247 4045 419 4124 dominam,
445 4045 586 4108 acerrima
600 4045 822 4130 oppugnatione
839 4042 891 4105 diu
904 4036 1052 4105 vexatam
1063 4039 1096 4101 in
1111 4051 1200 4129 pote-

132 4151 225 4210 statem
242 4149 453 4228 adduxcruntp
472 4160 557 4234 atque
570 4149 624 4209 ita·
633 4149 769 4236 corporis
783 4146 862 4232 quod
879 4135 958 4222 dixi,
978 4145 1062 4207 velut
1077 4143 1199 4230 specio-

132 4241 270 4316 tissimum
291 4265 395 4340 caput,
424 4263 475 4314 aut
496 4251 605 4314 intima
623 4251 689 4315 eius
708 4251 825 4316 viscera
842 4261 929 4334 atque
943 4245 1021 4310 adeo
1033 4267 1084 4308 cor
1096 4247 1198 4333 ipsurn
