2817 4742
516 295 664 364 REGUM
689 299 725 363 L.
750 297 807 364 lv.
1138 300 1209 370 117

99 465 273 553 μιζόμενος
292 471 437 552 δοσαχθῆ
447 517 457 547 ,
480 463 523 542 ιῦς
544 467 625 534 κατὰ
650 463 674 534 ε’
695 466 780 553 εῦραν
801 467 880 556 πρδς
895 468 930 534 rei
943 469 1022 551 χθὲς
1036 468 1092 546 τὰς
1102 475 1207 553 Σαρα-

101 571 228 648 κοόσας
247 570 401 656 ἦλιῦοθαι.
453 567 503 646 αἷς
526 569 625 652 ῦνομοι
649 567 710 635 ἀπό
732 596 820 636 τινων
840 577 996 657 κτισασιῦν
1012 566 1208 660 ταῦταςἈρ-

103 678 180 759 χόον
200 681 365 762 θυγατρῶν
390 668 494 757 Σῦρος
514 677 565 738 καλ
589 669 736 757 Κόσοης,
758 670 856 756 induri
872 699 956 748 τινος
975 673 1068 741 ἔκεῒσε
1089 676 1207 760 λίμνης,

107 778 129 858 ἢ
155 779 217 844 ἀπὸ
240 785 294 862 τῆς
315 779 385 862 πρὶν
403 777 458 858 μὲν
480 773 595 863 κρήνης
608 783 770 859 Συρακοῦς
783 784 838 843 νῦν
851 778 885 843 δὲ
899 774 1101 862 Ἀρεθούσης.
1151 785 1208 846 τοῦ

64 898 89 946 5
106 883 144 946 δὲ
165 881 200 946 τὸ
222 880 338 963 ἀληθὲς
357 885 690 964 πολυπραγμονοῦντος
705 883 756 946 καλ
773 876 890 946 ὁπόθεν
907 882 1096 946 ἐπίστασθαι
1114 889 1208 948 τοῦτο

105 988 332 1068 διερευνώντος,
360 981 454 1057 αῦτδς
469 983 651 1068 ἀπεκρίνατο
665 983 712 1049 ὅτι
727 1009 783 1068 περ
805 985 868 1049 “ir
877 979 969 1072 χώρῳ
985 981 1120 1060 δςἚλος
1130 982 1210 1052 αἰνό·

101 1110 247 1169 μασται,
274 1085 367 1172 ἀγρὸς
391 1083 523 1169 πάρεστι’
541 1111 594 1167 μοι
617 1083 660 1162 ὡς
682 1087 742 1152 cini
764 1088 872 1170 μιλίων
893 1083 922 1170 η’
939 1085 1017 1168 πρός
1039 1083 1208 1171 διάστημα.

104 1192 157 1252 καλ
183 1189 262 1254 κατὰ
288 1188 346 1272 τὴν
372 1196 547 1274 παριοῦσαν
573 1187 704 1273 ἑσπέραν
731 1189 810 1255 καθ’
833 1188 870 1255 όν
896 1215 950 1271 μοι
977 1187 1207 1274 περιπολεόοντι

102 1293 255 1374 προσόασί
271 1313 352 1367 τινες
370 1289 610 1373 ποιμαινόντων,
637 1296 686 1356 καὶ
710 1292 846 1378 ἴφασκον
861 1289 903 1368 uic
917 1293 950 1357 ἔκ
964 1298 1026 1357 τῶν
1040 1294 1204 1380 δπιχωρια-
1223 1302 1245 1354 Β

43 1407 91 1457 10
103 1392 221 1474 ζόντων
237 1393 391 1476 δαιμόνων
404 1395 598 1480 ’διακηκοέναι
611 1393 792 1482 φραζόντων
807 1395 949 1480 γενέσθαι
969 1394 1027 1478 τὴν
1043 1393 1206 1481 Συράκου-

100 1521 165 1562 σαν
181 1495 369 1584 δοριάλωτον
376 1547 387 1578 ,
411 1499 443 1563 ἓν
456 1495 555 1585 ταότῃ
567 1524 599 1563 τε
613 1509 753 1583 παρεῖναι
765 1495 897 1578 αῦτοός,
921 1497 997 1563 ὅθεν
1010 1500 1061 1562 καλ
1075 1502 1205 1584 διατρα-

89 1607 240 1681 Ινοῦοθαι
268 1598 454 1684 όλήθειοιν.”
506 1601 601 1676 αῦτδς
629 1605 663 1666 δὲ
689 1601 767 1687 πρὸς
788 1608 881 1667 τοῦτο
902 1600 947 1684 μὴ
968 1598 1145 1668 κατανεῦων
1163 1606 1205 1680 εἷς

99 1701 250 1770 ἀπιστίαν
276 1700 400 1788 δγώρει,
425 1703 482 1787 τὴν
504 1702 672 1788 αῦτηκολιιν
694 1701 953 1791 σφετεριζόμενος.
1005 1703 1089 1770 καθ’
1110 1703 1150 1788 ἣν
1173 1709 1205 1773 ἓν

100 1804 277 1888 καταλήψει
299 1804 458 1891 γενόμενος
478 1813 535 1873 τοῦ
557 1807 655 1892 ἀγροῦ
674 1805 800 1891 πρώτην
820 1808 901 1873 καθ’
918 1806 1003 1890 ὥραν
1016 1809 1068 1871 καὶ
1082 1810 1204 1889 ποιμίοι

44 1917 91 1970 15
101 1905 335 1994 σογκατειλὴφει
361 1911 416 1974 τόν
438 1907 606 1992 ὡρισμένον
622 1915 725 1992 γῦρον
743 1907 799 1992 ἐφ’
815 1901 840 1995 ᾧ
856 1909 895 1972 sci
910 1900 998 1990 όέρια
1012 1907 1069 1990 τὴν
1081 1910 1202 1994 διατρι-

98 2009 161 2093 βὴν
177 2011 366 2094 ἐπεποίηντο.
417 2001 460 2074 ὧν
474 2010 529 2093 τὴν
543 2010 695 2093 διαγωγὴν
707 2011 932 2098 πυνθανομένῳ
947 2012 1005 2074 τινὶ
1016 2015 1079 2075 τεῦν
1093 2011 1201 2091 ποιμέ-

98 2138 161 2178 νων
188 2113 468 2198 προσαπεκρόναντο
494 2112 574 2177 κατὰ
594 2110 681 2177 πόλιν
702 2109 908 2194 Σορόκονσαν
922 2110 1015 2191 εἶναι,
1042 2119 1100 2178 τοῦ
1115 2138 1201 2198 περι-

99 2215 282 2300 λειφθέντας
298 2219 518 2298 Χριστιανικοῦ
535 2217 667 2297 αἵματος
684 2216 908 2300 δμφορεΐσθοι·
924 2214 992 2302 4τδν
1007 2215 1042 2278 δὲ
1056 2219 1123 2301 περὶ
1141 2223 1203 2284 τῶν

99 2315 250 2405 τοιοότων
279 2318 390 2382 sidium
416 2315 651 2401 διερευνώμενον
671 2319 709 2382 sd
730 2321 871 2402 πραχθέν
898 2314 1073 2404 γινώσκειν,
1106 2316 1142 2384 τό
1167 2332 1240 2386 set)

43 2430 91 2482 20
100 2420 201 2504 ὄνομα
221 2417 275 2485 καλ
290 2419 344 2486 τόν
361 2419 486 2504 ἀρχικὸν
506 2421 636 2503 βαθμὸν
653 2423 911 2498 ἐξεπίστασθαιλ·
936 2418 983 2497 οἷς
1006 2417 1022 2486 ό
1041 2420 1202 2508 Ἀδριανός

97 2525 144 2608 μὴ
166 2521 317 2591 πισιεόων
336 2524 379 2590 ἔτι
402 2521 593 2607 ῦπελογόζετο
609 2524 698 2590 ἕωλα.
750 2527 801 2588 καλ
817 2523 895 2607 μετὰ
911 2517 945 2590 ιε’
960 2527 1108 2590 ἐπιοῦσαν
1124 2522 1200 2610 ἠμί·

98 2654 159 2709 ραν
181 2626 220 2692 τό
241 2627 319 2708 παρ’
337 2625 440 2692 αδτιῦν
461 2624 502 2702 uir
518 2631 621 2710 ψευδῆ
634 2622 817 2709 νομιζόμενα
831 2629 917 2710 παρὰ
933 2635 993 2693 τῶν
1008 2631 1126 2694 ἐκεῖθεν
1138 2627 1199 2708 μό-

97 2737 146 2804 λις
162 2726 362 2812 ἐληλυθότων
385 2730 491 2814 ἀληθῆ
511 2732 721 2816 κατεφαίνετο.
773 2737 835 2795 τῶν
857 2723 913 2796 οῦν
932 2731 1086 2815 δγχωρδων
1105 2756 1197 2795 πνεν-

168 2891 210 2945 13.
229 2889 270 2945 14.
288 2887 472 2960 ἐγκαιαλήψει
489 2891 521 2945 1..
605 2893 645 2945 16.
665 2891 824 2959 eorpuinus
842 2891 872 2942 b.
946 2891 990 2945 21.
1007 2888 1146 2948 πιστεῦον
1164 2894 1198 2958 B,

166 2957 304 3014 πισνεόειν
318 2960 350 3013 L.

94 3095 199 3168 quida·
218 3115 250 3150 ex
267 3096 365 3150 uolanis
385 3095 497 3150 nuntium
514 3112 619 3164 gravem
637 3096 798 3165 adportans,
824 3097 946 3148 hesterno
963 3094 1006 3149 die
1023 3097 1088 3152 bora
1104 3099 1198 3168 quinta

93 3169 239 3236 Syracusas
260 3173 351 3237 captas
373 3167 461 3222 fnisse.
498 3165 599 3228 Quibus
622 3182 715 3219 nomen
738 3183 754 3218 a
775 3164 964 3218 conditrieibus
981 3183 1070 3220 earum
1086 3168 1199 3221 brettias

95 3236 202 3290 filiabus
219 3237 288 3306 Syra
305 3244 332 3287 et
348 3237 448 3302 Cossa,
465 3240 510 3287 ant
526 3252 542 3288 a
558 3233 667 3302 quodam
684 3234 742 3286 ineu
762 3234 866 3298 ibidem,
883 3243 930 3288 aut
946 3253 961 3288 a
979 3237 1052 3290 iente
1068 3236 1127 3290 olim
1144 3239 1199 3306 Sy-

94 3322 191 3359 raeone
208 3322 274 3358 nune
292 3307 429 3359 Arethusa.
463 3304 513 3358 llio
530 3313 613 3356 autem
630 3302 656 3354 in
674 3305 813 3356 veritatem
829 3303 974 3372 inquirente
990 3314 1070 3372 atqua
1087 3305 1155 3357 nnde
1168 3306 1196 3358 id

94 3376 164 3428 suiat
180 3373 370 3443 interrogante,
393 3375 435 3427 hie
452 3373 583 3442 respondit
601 3377 667 3424 “est
684 3372 745 3425 mibi
762 3372 790 3424 in
807 3390 838 3424 eo
856 3374 913 3425 loeo
930 3373 975 3440 qni
991 3373 1074 3425 Heius
1090 3373 1195 3438 dieitur,

93 3442 230 3513 praedium
256 3443 332 3526 qussi
353 3453 412 3496 outo
437 3442 608 3496 milliariorum
630 3441 777 3494 intervallo.
813 3446 899 3510 Atque
924 3441 980 3494 beri
1004 3442 1108 3510 vesperi
1130 3443 1193 3497 illud

93 3512 273 3564 obambulanti
296 3512 356 3565 mibi
382 3519 520 3566 uemrrunt
543 3511 646 3580 quidam
668 3527 701 3564 ex
725 3512 888 3578 pastoribus,
913 3519 941 3563 et
961 3511 1084 3564 dicebant
1105 3527 1136 3564 se
1160 3530 1194 3565 ex

93 3580 263 3632 daemonibus
287 3581 331 3634 hic
356 3581 516 3635 versantibus
540 3579 671 3632 audivisse
694 3579 840 3633 dicentibus
856 3581 1001 3648 Syracusas
1018 3587 1111 3650 captas
1127 3599 1194 3646 essa,

93 3648 182 3716 ibique
198 3665 227 3700 se
244 3650 326 3702 fuisse
342 3658 419 3720 atqua
437 3651 497 3702 inde
514 3648 648 3702 veritatem
666 3658 738 3703 certo
749 3648 945 3719 *comperisses
980 3649 1035 3702 Sed
1056 3649 1101 3701 iiie
1126 3651 1194 3703 baud

92 3719 218 3780 eredens,
234 3718 310 3771 iidem
327 3720 376 3772 sibi
394 3719 452 3772 iieri
468 3719 571 3771 rodebat
588 3717 692 3787 proprio
711 3719 808 3772 auditu.
831 3718 922 3779 Quare
938 3717 965 3769 in
982 3718 1113 3787 praedium
1131 3736 1194 3788 pru·

92 3787 181 3838 iectus
197 3787 260 3839 bura
276 3787 360 3856 prima
377 3806 431 3841 cum
450 3785 594 3858 pastoribus
610 3786 743 3841 definitum
759 3788 842 3840 locum
858 3787 1008 3869 occupavit,
1026 3787 1053 3839 iu
1070 3805 1120 3858 quo
1136 3787 1191 3855 spi-

93 3854 162 3908 ritus
178 3855 216 3906 iiii
233 3858 461 3910 commorabantur.
497 3857 570 3920 Quos
593 3873 649 3908 eum
667 3857 770 3925 quidam
789 3874 821 3908 ex
838 3856 986 3924 pastorebus
1007 3856 1192 3923 interrogasset

93 3924 141 3975 nbi
157 3923 281 3988 inissent,
299 3925 350 3995 ipsi
365 3925 553 3993 responderunt
569 3924 594 3977 in
612 3925 676 3977 urbe
693 3927 879 3996 Syracusarum
896 3941 926 3976 se
942 3925 1024 3978 fuisse
1040 3932 1068 3977 et
1081 3924 1192 3978 satiasse

93 3993 213 4062 reliqniis
234 3993 366 4062 sanguinis
389 3995 531 4048 Christiani
552 3993 596 4062 qui
620 3995 719 4050 effusus
741 4002 824 4058 esset;
851 3993 921 4046 ilium
937 4010 1015 4062 porro
1035 3992 1082 4062 qui
1098 3992 1132 4045 de
1148 3993 1191 4048 bis

91 4059 161 4114 seira
182 4073 291 4130 cuperat
312 4063 377 4133 quid
400 4064 435 4116 sit
458 4067 569 4127 iactum,
592 4079 622 4116 sa
641 4081 732 4128 nosse,
762 4079 904 4132 nomenque
926 4069 955 4115 et
971 4061 1086 4130 gradem·
1102 4062 1191 4132 digni·

93 4129 157 4181 tatis
182 4131 258 4186 seire.
304 4133 410 4196 Quibus·
428 4134 538 4186 nondam
562 4133 675 4186 eradens
695 4132 825 4187 Adrianus
846 4147 879 4185 ea
901 4130 1066 4184 existimabat
1086 4130 1190 4188 irivola.

92 4197 146 4250 Sed
170 4207 231 4266 post
253 4200 378 4254 decimum
401 4202 514 4270 quintum
532 4201 597 4254 diem
614 4219 648 4256 ea
665 4220 733 4272 qnae
748 4202 800 4271 ipsi
822 4199 954 4254 mendacia
970 4199 1126 4254 videbantur
1177 4218 1193 4271 ι·Ι

91 4265 213 4337 insequi
230 4269 291 4324 inda
307 4285 387 4339 aegre
402 4276 540 4326 evaserant
555 4288 619 4325 vera
634 4272 885 4328 demonstrabantur.
920 4271 1043 4324 Ceterum
1059 4269 1129 4324 iilius
1181 4269 1189 4322 i
