2817 4742
488 357 636 425 REGUM
660 359 695 425 L.
721 357 778 425 ΠΙ.
1132 355 1182 428 67

84 528 276 613 ἀναξηρᾶναι
298 526 422 612 λέγεται.
474 525 604 613 ύπύρχει
627 532 661 595 δέ
682 526 761 614 αύτη
778 523 972 614 παρύδυτος,
1001 534 1045 618 τῷ
1060 525 1182 615 ἔμηανῆ

85 630 162 698 εἶναι
178 631 231 696 τὸν
249 637 373 716 Ταῦρον
385 632 436 695 καί
453 629 565 698 τούτου
580 643 645 709 τοῖς
661 629 808 719 γηλόφοις
819 631 973 717 εἴργεσθαι
981 680 991 710 ,
1020 629 1134 715 ταύτης
1147 633 1182 698 δὲ

85 736 139 800 διὰ
151 735 246 816 μέσου
259 730 384 799 Κύδνον
396 732 449 799 τδν
463 736 603 818 ποταμδν
616 732 762 801 δδεύοντα
777 736 908 821 εὔφορον
917 735 1114 822 χρηματίζειν
1126 735 1182 819 τὴν

82 836 200 923 χώραν.
251 839 302 899 καί
319 835 382 920 μὴν
398 833 457 902 sind
472 837 663 923 Ἐριχθονίου
679 842 805 915 κτίσεως
820 835 962 921 ίτετεύχει
970 888 981 918 ,
1008 837 1182 922 κατεσχέθη

57 943 122 1006 5δέ
138 939 221 1022 παρὰ
232 935 383 1020 Ὀρσύνου
396 936 464 1016 ένδς
478 949 540 1006 τῶν
556 937 697 1007 Τιτάνων
711 945 762 1007 καὶ
775 942 947 1016 ε’τιικτίσεως
968 939 1092 1024 εἴληχεν.
1144 933 1182 1024 ἦν

84 1047 120 1108 δέ
141 1039 235 1107 πύλαι
251 1038 366 1130 Κύδνῳ
386 1049 430 1130 τῷ
452 1051 582 1132 ποταμῷ
596 1051 710 1128 νῆσος,
734 1043 802 1128 ἥτις
817 1040 877 1108 ὑπ’
896 1043 992 1108 αι’-τού
1006 1045 1149 1128 περικλυζ
1166 1081 1182 1094 ·

83 1146 161 1228 μένη
183 1147 225 1219 είς
248 1143 303 1226 τὴν
326 1150 382 1210 νῦν
401 1145 490 1212 θέσιν
513 1144 670 1231 έλὴλυθεν.
723 1147 781 1212 εἷ’τε
802 1146 887 1230 παρὰ
902 1142 1101 1230 Σεμιράμεως
1115 1146 1181 1214 ἔσι-

83 1253 196 1329 σκευῆς
214 1249 264 1310 καί
285 1250 425 1327 οίκισμοῦ
443 1251 579 1328 μείζονος
600 1246 779 1331 εύτύχησεν,
808 1247 904 1330 αὐτῆς
918 1273 950 1312 τε
966 1245 1066 1313 είκύνα
1087 1247 1183 1314 ε’κεΐσέ
1196 1263 1222 1316 Β

82 1376 181 1436 φασιν
195 1347 403 1434 ύφωσιῶσθαι
417 1357 461 1437 τῷ
473 1348 633 1437 Ἡρακλεῖ,
662 1351 890 1436 παρισταμένην
906 1351 992 1439 Νίνιμ
1008 1357 1051 1439 τῷ
1065 1347 1181 1435 ταύτης

37 1472 74 1522 10
83 1453 177 1538 ἀνδρί
184 1472 191 1489 ·
216 1451 295 1532 μετὰ
315 1453 349 1516 δέ
369 1459 461 1517 τοῦτο
478 1454 690 1536 ίρειπιωθεῖσα
705 1465 773 1530 ταῖς
786 1449 976 1536 μετοικήσεσι
993 1453 1078 1537 παρὰ
1095 1460 1181 1538 Σαρ-

81 1551 264 1622 δαναπάλου
277 1551 310 1617 ἔκ
323 1551 456 1637 βύθρων
469 1557 525 1619 σύν
534 1554 677 1642 Ἀγχιάλη
691 1555 874 1634 ύνέκτισται,
896 1555 943 1639 ἐφ’
961 1552 1011 1629 αἶς
1025 1555 1182 1640 ἐπιγέγρα-

81 1684 160 1724 πται
196 1656 357 1738 αΝινευὴς
385 1658 530 1736 βασιλεύς
552 1654 822 1743 Ἀνακυνδαράξου
853 1667 926 1732 παῖς
950 1659 981 1720 έν
1005 1664 1061 1744 μιῇ
1081 1655 1181 1749 ἡμέρη

81 1754 213 1847 Ταρσόν
224 1783 257 1822 τε
271 1759 321 1822 καὶ
331 1755 491 1843 Ἀγχιάλην
506 1761 630 1839 ἔδειμεν.
640 1761 659 1791 ”
710 1760 764 1826 τδν
783 1763 817 1824 δέ
835 1759 914 1824 iiiior
928 1759 995 1823 vida
1011 1756 1027 1824 ὃ
1042 1759 1175 1847 ύμερου-
1193 1776 1224 1833 v,
1241 1778 1277 1834 θη

80 1867 161 1948 μνὶμ
183 1861 391 1946 προεξέπεμψε
410 1863 490 1926 κατὰ
510 1863 544 1929 τύ
563 1862 641 1948 πρδς
660 1862 813 1946 ἀνατολὴν
834 1862 890 1927 σύν
907 1871 971 1936 τοῖς
992 1861 1182 1930 α’ναταλικω-

39 1985 73 2039 15
83 1962 190 2038 τύτοις
209 1969 271 2030 τῶν
296 1962 448 2047 ἀνδρικῶν
471 1963 636 2051 Τούρκων,
658 1969 709 2030 καὶ
730 1965 835 2040 αὐτοῖς
852 1960 1082 2048 γειτνιύζουσιν,
1110 1965 1182 2051 ι’έχρι

80 2066 231 2153 χιλιάδων
245 2062 277 2145 ι’,
303 2066 382 2150 μετὰ
400 2063 502 2150 πύσης
516 2058 573 2152 τῆς
589 2072 621 2146 ἕξ
633 2068 798 2153 Ἀρμενίων
814 2073 979 2151 στρατιᾶς,
1001 2075 1058 2133 τοῦ
1072 2093 1105 2132 τε
1122 2073 1182 2133 Βε-

81 2171 327 2256 σπαρακανίτον,
356 2172 405 2233 καί
421 2169 517 2236 αύτού
533 2178 587 2237 τού
598 2172 749 2257 ,ἄρχοντος
763 2176 825 2237 τῶν
837 2167 1004 2254 ἀρχόντων,
1027 2173 1077 2234 καί
1087 2171 1182 2257 ’Άμερ

81 2279 251 2360 τηνικαῦτα
264 2271 322 2355 τὴν
335 2274 514 2356 Μελιτηνὴν
525 2275 692 2353 διέποντος,
718 2276 752 2339 οἳ
763 2273 841 2338 κατὰ
856 2273 910 2337 τὸν
922 2276 1182 2356 Λαξιμῶνασυν-

80 2375 230 2461 η’χθησαν
252 2373 594 2468 στρατοπεδευσάμενοι.
647 2377 747 2453 ούτως
766 2377 825 2461 χεὶρ
847 2381 902 2440 τοῦ
919 2374 1135 2460 ἀμερομνουνῆ
1151 2375 1182 2440 oi

40 2478 146 2547 Ξοῦσδ
160 2488 248 2562 χεῖρα
265 2479 384 2560 βουλὴν
398 2481 612 2561 συντιθέασιν,
639 2481 693 2546 τὸν
708 2482 765 2562 μέν
779 2479 876 2544 αύτού
891 2476 957 2542 υἱὸν
971 2478 1050 2558 μετὰ
1062 2503 1181 2562 προση-

83 2580 201 2664 κούσης
215 2580 381 2664 προεξιέναι
397 2579 575 2664 δυνάμεως·
605 2586 688 2647 “καί
702 2585 796 2666 εἶμέν
812 2573 902 2656 οὗτος
915 2577 1069 2662 νικήσειεν,
1096 2581 1181 2646 έσται

83 2681 201 2752 καὶσολ
213 2679 402 2770 νικητήριον·
427 2687 455 2750 εί
467 2685 504 2750 δέ
516 2711 548 2771 γε
560 2685 596 2752 sd
610 2689 746 2752 ἐναντίον
754 2735 765 2768 ,
791 2683 848 2751 κᾶν
865 2684 900 2749 τδ
916 2679 1105 2770 σωτήριον.”

152 2869 180 2921 1.
196 2859 393 2931 ἄναξηρύνθαι
410 2865 440 2915 L.
526 2867 551 2917 9.
571 2861 753 2932 ἀφοσιοῦσθαι
770 2866 801 2917 L.
885 2865 926 2916 10.
944 2860 1131 2928 ἕρριπωθεῖσα
1148 2863 1179 2914 L.

153 2932 316 3073 ἒξὶιὲιῖημρρ
331 2933 363 2984 1..
467 2935 509 2987 18.
524 2936 665 3002 μελιτίνην
682 2935 713 2988 L.
815 2933 878 2985 ibid.
895 2931 1044 3001 δοξημῶνα
1062 2932 1097 2994 L,
1120 2939 1180 2986 Δα·

82 3165 142 3214 rata
159 3156 254 3226 τέροαι
270 3154 335 3208 enim
352 3153 484 3223 significat
499 3154 606 3206 siccare.
624 3154 674 3207 Est
686 3160 770 3208 antem
788 3156 852 3208 haec
869 3156 931 3206 urbs
948 3153 1081 3222 depressa,
1098 3171 1182 3223 quon-

82 3232 134 3282 iam
159 3227 264 3280 Taurus
287 3224 364 3290 longe
387 3223 491 3292 lateque
515 3223 667 3292 conspicuus
685 3231 742 3286 est,
766 3225 869 3292 eiusque
887 3223 993 3275 collibus
1010 3231 1094 3291 septa.
1129 3225 1181 3274 Par

83 3301 152 3351 hane
176 3296 283 3348 mediam
305 3293 388 3344 fluens
412 3291 519 3359 Cydnus
540 3294 674 3345 secundam
697 3293 780 3344 allicit
802 3301 906 3345 terram.
941 3291 1054 3343 Condita
1077 3291 1125 3342 luit
1147 3292 1197 3354 ab¹

82 3363 273 3426 Erichthonio,
290 3369 415 3430 occupata
432 3362 465 3413 ab
482 3363 601 3426 Orsene,
619 3379 668 3413 uno
686 3379 718 3412 ex
737 3361 888 3423 Titanibus,
905 3366 933 3410 et
947 3367 1099 3412 restaurata.
1118 3359 1181 3411 lluit

83 3445 170 3488 autem
188 3435 247 3485 olim
264 3430 356 3498 Cydno
373 3429 453 3482 fluvio
470 3428 565 3494 insula,
588 3447 656 3500 qnae
676 3429 719 3481 illo
737 3430 849 3498 undique
867 3429 979 3482 alluente
998 3428 1023 3479 in
1043 3431 1109 3480 harre
1125 3429 1181 3480 ior·

83 3521 148 3556 mam
172 3504 281 3555 redacta
304 3506 353 3550 est.
387 3497 450 3550 Sive
477 3498 561 3566 potius
587 3516 603 3549 a
624 3498 790 3551 Semiramide
815 3499 957 3549 instaurata
983 3495 1180 3564 etdiligentius

84 3572 190 3625 condita
202 3571 266 3632 luit,
283 3567 354 3620 cuius
370 3565 505 3637 imaginem
522 3566 598 3620 etiam
615 3567 670 3620 illie
687 3568 757 3619 aiunt
773 3567 917 3619 dedicatam
935 3565 1058 3627 Herculi,
1075 3567 1180 3617 adstan-

81 3651 132 3694 tem
151 3641 223 3692 Nina
240 3637 332 3690 marito
349 3648 411 3698 τινος
442 3647 532 3704 postea
555 3635 642 3688 diruta
665 3636 945 3702 transmigrationibus,
968 3651 985 3685 a
1002 3632 1180 3700 Sardanapalo

84 3729 117 3763 ex
134 3709 301 3760 fundamento
320 3722 369 3756 una
386 3723 442 3757 curn
459 3704 581 3757 Anchiale
598 3705 680 3756 denuo
698 3706 817 3769 condita,
841 3705 932 3772 quibus
954 3701 1087 3770 inscriptio
1109 3704 1180 3752 laeta
1234 3710 1238 3718 '

84 3781 141 3830 ller
167 3776 264 3827 Niniue
284 3775 488 3842 Aaaepadnrnri
504 3777 531 3840 s.
549 3791 600 3825 αιιο
615 3775 659 3824 ‹lie
677 3775 787 3826 Tarsum
804 3781 830 3826 et
847 3773 1002 3825 Anchialum
1018 3771 1179 3837 aedificavit.
1226 3785 1228 3793 ·

85 3849 171 3899 Porro
195 3845 274 3896 lilium
298 3861 371 3896 snum
392 3859 547 3895 aruerumnes
575 3842 706 3911 praemisit
728 3859 818 3896 versus
842 3843 964 3894 orientem
991 3856 1046 3891 cum
1066 3838 1179 3890 'inaximo

85 3913 256 3968 orientalibus
273 3920 300 3964 et
317 3913 429 3964 strenuis
442 3912 554 3976 'l'nrcis‚
571 3911 614 3979 qui
631 3918 659 3963 et
676 3911 726 3980 ipsi
744 3911 822 3964 vicini
839 3919 926 3971 erant,
944 3908 977 3960 ad
996 3908 1084 3960 decem
1099 3907 1180 3960 millia

85 3985 215 4046 virorum,
233 3984 354 4035 adiuncto
371 3981 544 4034 Armeniorum
560 3980 679 4032 universo
696 3981 826 4046 exercitu,
843 3988 869 4030 et
884 3977 1103 4046 Besparacanita‚
1121 3975 1180 4044 ipso

85 4054 165 4105 etiarn
188 4053 254 4105 duce
278 4049 382 4111 ducum,
411 4057 439 4101 et
463 4050 555 4101 Amore
576 4056 636 4101 tunc
654 4049 795 4101 Melitenen
813 4046 1020 4107 administrante,
1048 4045 1092 4113 qui
1110 4043 1181 4111 apud

85 4121 252 4174 Deximonem
269 4118 419 4186 congregati
436 4126 523 4171 eastra
539 4126 686 4188 posuerunt.
717 4118 749 4170 Id
766 4118 831 4170 enim
848 4115 948 4168 consilii
964 4114 1088 4167 dederant
1104 4115 1181 4165 Ame-

86 4191 204 4242 ramnuni
222 4189 265 4259 qui
283 4187 412 4256 cumipse
433 4194 523 4250 erant,
544 4195 573 4240 ut
589 4186 645 4239 eius
662 4186 732 4239 filius
750 4205 805 4240 eum
821 4185 920 4238 idoneis
937 4183 1017 4253 copiis
1035 4183 1106 4268 prior
1123 4180 1179 4234 exi·

86 4267 143 4321 reta
169 4259 219 4310 “si
236 4259 259 4309 ἱι
276 4254 406 4319 vicerit,''
431 4255 564 4321 dieentes,
592 4255 669 4309 “erit
685 4263 715 4310 et
731 4273 810 4328 penes
828 4262 856 4309 te
873 4253 999 4309 victoriae
1025 4268 1066 4306 sm
1089 4251 1181 4316 mnus,

86 4328 177 4382 altem
193 4326 265 4381 salus
281 4333 309 4379 et
323 4323 513 4379 incolumitas.''
