2817 4742
415 337 853 414 rusronunrnrvraa.
1104 283 1179 413 νῦν

81 513 160 600 ηίας
175 510 212 579 τδ
224 510 306 599 ίερδν
315 509 524 584 ἀνατέθειται.
574 514 727 599 μηδεμιᾶς
739 516 902 599 τοιγαροῦν
915 508 1019 595 ῦψεοις
1032 511 1178 581 ένυπνίυνν

81 618 281 705 ἐπιφανείσης
299 614 402 705 αῦτῷ,
425 610 620 701 λιταζῦμενος
638 613 705 699 ἅμα
726 620 771 705 τῷ
794 621 880 705 λαῷ,
908 618 951 691 είς
971 616 1028 699 τὴν
1044 615 1105 702 πρδ
1121 622 1179 683 τοῦ

79 718 196 797 ῦστεος
215 726 271 803 τῆς
290 714 486 805 θεομητσρος
505 721 603 786 οίκίαν
623 718 780 805 διημέρευε
790 716 1101 805 μοσταγωγοῦμινος,
1127 721 1180 786 κοί

80 830 140 905 τῆς
154 826 340 909 θεανδριιιῆς
351 818 552 908 μετελοίγχανε
564 824 766 898 πονδοισίας·
787 817 853 889 ὅδὲ
866 821 942 898 νεὼς
956 822 1033 906 πρδς
1044 829 1083 909 τῇ
1096 828 1179 909 πηγῇ

56 927 290 1011 διαταλέγετοι.
340 930 379 1012 τῇ
400 923 433 991 δ’
456 922 604 1019 ῦστεραίρ
624 922 641 993 δ
660 923 806 1009 βασιλεῦς
827 921 951 1008 ῦπιίρας
973 926 1115 1013 ἐντεῦθεν
1128 928 1179 991 ε’πί

79 1028 117 1093 εδ
132 1024 293 1112 λεγόμενον
301 1024 456 1111 Ἓβδσμον
469 1031 590 1114 γίνεται.
617 1026 738 1105 ἑκταῖος
751 1029 786 1094 δέ
797 1030 959 1117 τῷῬηγίῳ
974 1028 1176 1113 προσέβαλλε.

81 1132 224 1197 ἐνταῦθα
247 1136 371 1215 πλῆθος
395 1130 521 1217 ῦπειρον
544 1137 608 1199 τῶν
628 1116 855 1216 μεταιτοῦντων
870 1129 1098 1216 συνήθροιστο,
1125 1133 1176 1197 καί
1192 1144 1216 1200 P
1233 1143 1282 1200 141

79 1231 169 1317 η”ξίσυ
193 1259 223 1299 τι
245 1233 331 1320 παρὰ
352 1240 409 1301 τοῦ
427 1234 580 1316 βασιλέως
603 1233 741 1302 ἑλέσθαι.
793 1230 886 1317 ῦμδν
905 1226 960 1301 οῦν
974 1230 1175 1323 αῦτοκριίτωρ

78 1334 119 1402 τὰ
128 1333 347 1423 συρρεῦσοντα
359 1334 467 1422 πλήθη
477 1346 542 1414 τοῦς
550 1341 642 1406 έκεῖσε
653 1338 819 1422 βασιλείοις
834 1338 1049 1415 έναπσκλείσας
1063 1343 1177 1425 φιλαν-

44 1442 226 1525 1οθρωπίιις
249 1439 354 1522 ἠξίου,
382 1436 471 1505 ἱκανοί
491 1464 525 1505 τε
547 1444 815 1528 κατοκερματίσας
835 1435 965 1527 ῦργῦρια
985 1439 1176 1527 ίψσχαγώγει

78 1548 136 1626 τῆς
153 1541 380 1626 ἀθροισθείσης
400 1539 544 1626 πληθῦος
560 1543 668 1629 τὸτῆς
691 1546 796 1621 πενίας
809 1541 996 1609 κατιῦδυνον.
1045 1540 1177 1628 ῦρθριίς

78 1668 111 1710 τε
133 1642 313 1729 γενόμενος,
338 1642 514 1730 έγκελεῦσας
526 1672 559 1712 τε
572 1646 630 1724 τδς
643 1644 828 1733 σάλπιγγας,
854 1652 910 1731 τῆς
929 1644 1054 1732 πορείας
1074 1641 1176 1731 ἀπήρ-

76 1772 158 1831 χετο.
211 1748 264 1811 ε’πί
274 1772 307 1813 τε
322 1750 426 1814 τοίνυν
436 1745 570 1835 Ῥόμφος
582 1746 741 1835 γενόμενος
753 1748 815 1815 ῦπδ
825 1756 887 1815 τῶν
899 1744 1175 1833 σωματοφυλάκων

78 1846 340 1935 προεπομπεῦετο.
392 1846 413 1929 ἦ
432 1850 466 1913 δέ
486 1849 604 1926 έκταξις
623 1845 665 1926 είς
684 1860 784 1933 μῆκος
797 1850 943 1915 διέτεινεν.
995 1849 1064 1913 ῦδέ
1080 1850 1177 1916 οῦτο-

43 1958 72 2012 15
81 1948 206 2037 κριίτωρ
227 1944 440 2033 περιεγιλννυτο
457 1956 502 2040 τῷ
516 1948 650 2035 σχήματι
669 1958 727 2035 τῆς
740 1946 888 2029 έκτάξεοις
901 1955 957 2033 τῆς
970 1948 1176 2038 προπομποῦ-

79 2077 136 2137 σης
149 2049 319 2134 δυνάμεως.
369 2052 406 2119 τὸ
419 2054 454 2119 δέ
466 2050 602 2137 μάχιμον
613 2052 743 2121 κατόπιν
758 2052 886 2137 έβιίδιζε,
913 2050 950 2120 τῦ
964 2078 998 2120 τε
1012 2051 1104 2132 titos
1118 2060 1174 2122 τοῦ
1189 2067 1214 2122 Β

78 2160 216 2243 σταυροῦ
230 2161 286 2221 τοῦ
300 2157 443 2240 Χριστοῦ
458 2158 490 2233 ές
503 2154 586 2241 ῦψος
601 2159 649 2223 ίπί
662 2155 796 2243 δόρατος
809 2163 928 2243 χρυσοῦ
942 2154 1110 2246 δπηῶρητο
1124 2160 1176 2224 καί

78 2268 239 2345 προηγεῖτο
252 2264 309 2324 τοῦ
323 2282 355 2323 τε
369 2259 522 2343 βασιλέως
532 2262 584 2327 καί
595 2267 652 2344 τῆς
663 2256 828 2345 περιπόλου
844 2257 1013 2343 δυνάμεως.
1064 2258 1125 2327 ῦπδ
1141 2261 1177 2327 δέ

78 2362 224 2449 δευτέραν
247 2358 332 2448 ιῦραν
351 2364 465 2449 θηρίον
487 2363 684 2449 παμμέγεθες
708 2354 768 2453 (ῦς
782 2364 816 2430 δέ
828 2370 922 2429 τοῦτο
937 2358 1100 2448 έτῦγχανεν
1117 2360 1174 2452 is)
1278 2361 1281 2368 ’

42 2462 179 2551 λοέχοῦρει
194 2464 275 2531 κατὰ
288 2470 344 2531 τοῦ
358 2467 531 2552 Καίσαρος.
583 2474 640 2533 τοῦ
653 2469 757 2532 τοίνυν
769 2468 927 2548 βασιλείου
938 2467 1035 2531 ἰ’ππου
1050 2462 1171 2533 ῦποτα-
1186 2474 1215 2531 V
1229 2474 1282 2533 235

77 2568 247 2654 ραχθέντος
268 2573 308 2655 τῇ
331 2565 438 2661 ἀθρόα
459 2575 515 2635 τοῦ
535 2572 650 2657 θηρίου
663 2568 783 2657 ἀφίξει,
809 2575 866 2654 τῆς
878 2568 1037 2654 καθέδρας
1051 2567 1175 2653 ῦποβα-

78 2677 137 2736 λεῒν
154 2670 210 2736 τδν
230 2671 360 2754 βασιλέα
380 2670 436 2738 riv
454 2668 604 2758 έπιβιίτην
618 2675 845 2753 κατεστασίαζε.
896 2679 955 2739 τοῦ
972 2673 1006 2737 δέ
1021 2672 1175 2754 βασιλέως

75 2774 143 2839 λίαν
166 2770 285 2857 ε’πόχως
309 2774 455 2857 ἐχομένου
476 2781 534 2842 τοῦ
552 2782 681 2859 χαλινοῦ
701 2779 814 2862 γίνεται
827 2774 911 2842 ἄκων
928 2772 1049 2850 δίππος
1061 2771 1174 2859 πειθή-

77 2901 155 2959 νιος,
182 2872 224 2942 τοί
247 2900 279 2941 τε
299 2884 356 2959 τῆς
376 2876 479 2961 ῦψεως
497 2875 731 2960 ἀποβολιίμενσς
751 2880 882 2958 δείματα
899 2879 951 2942 καί
972 2876 1029 2960 τὴν
1047 2872 1172 2963 γνώμην

43 2980 257 3063 τδμετέβαλλεν
263 3027 275 3061 ,
299 2972 395 3057 αῦθις
406 2989 475 3057 ταῖς
491 2975 590 3064 ἡνίαις
602 2975 869 3063 οίκσνσμοῦμενος.
919 2977 956 3045 τδ
967 2978 1025 3062 μέν
1039 2971 1094 3045 οῦν
1105 2985 1171 3066 θη-

140 3139 167 3197 4.
183 3142 359 3199 πανδαισίαν
373 3142 417 3198 ΙΡ.

78 3282 239 3342 arnosto,
261 3284 361 3334 noete-
384 3279 448 3349 egit.
481 3277 555 3335 nulls
576 3276 602 3333 ei
625 3294 672 3349 per
687 3277 800 3351 quietern
821 3278 910 3351 speeie
927 3275 1054 3333 divinitus
1069 3279 1167 3348 oblata,

79 3364 131 3401 ean
153 3347 250 3419 populo
268 3366 359 3418 preeea
381 3350 503 3413 fundens,
528 3347 637 3401 insede
653 3348 695 3403 dei
713 3350 803 3403 nutris
819 3355 881 3403 ante
896 3350 984 3402 urben
1001 3348 1068 3403 dien
1085 3355 1168 3404 toturn

79 3418 151 3470 rebus
166 3416 252 3470 saeris
267 3419 410 3480 consumit,
434 3418 563 3489 epuloque
580 3418 685 3473 coelesti
703 3418 827 3488 pasoitur.
861 3418 941 3470 sedes
956 3418 1002 3470 iila
1019 3418 1052 3471 ad
1070 3418 1168 3488 Pegen,

78 3484 98 3537 i.
110 3504 133 3539 e.
156 3485 191 3539 ad
214 3485 312 3539 sonim
327 3494 443 3538 voantur.
480 3485 605 3554 postridie
620 3487 680 3541 inde
697 3488 786 3541 abiens
802 3486 835 3539 ed
852 3485 994 3556 Septi-unt
1011 3485 1089 3541 venit.
1124 3488 1168 3541 dis

78 3563 145 3607 serta
161 3553 287 3624 Rhegium
304 3553 421 3623 attingit.
454 3554 500 3606 ubi
516 3554 645 3609 innumera
668 3557 841 3609 mendicorum
858 3556 993 3610 multituda
1010 3562 1168 3625 congregna

79 3623 164 3693 stipem
181 3626 215 3679 ab
233 3642 265 3678 οο
282 3622 396 3693 flagitat.
432 3639 497 3693 quos
514 3622 542 3675 in
558 3624 654 3692 regiam
671 3642 739 3693 quae
758 3624 811 3678 iiiia
828 3631 869 3678 est
885 3625 1006 3679 inductos
1023 3623 1167 3677 humaniter

78 3697 176 3757 metat,
193 3702 384 3765 argenteosque
400 3708 513 3746 nummos
530 3692 628 3745 affatim
644 3693 821 3746 distribuenda
838 3694 951 3747 dolorem
970 3692 1093 3762 egestatis
1109 3691 1169 3744 iiio·
1199 3698 1205 3708 ¹

78 3774 128 3815 run
150 3762 307 3817 oonsoiatur.
342 3769 482 3832 appetente
506 3761 564 3814 iuca
586 3762 677 3815 iubens
700 3763 834 3816 classicum
851 3762 908 3816 osni
925 3763 977 3816 iter
994 3760 1168 3843 prosequitur.

78 3827 202 3901 Ronqhos
220 3830 266 3883 ubi
283 3832 408 3896 secessit,
424 3830 563 3899 stipatores
579 3831 746 3895 antecedunt,
764 3833 835 3885 acies
851 3831 879 3883 in
896 3832 998 3899 longam
1015 3828 1166 3896 explanatur,

81 3894 213 3967 inperator
231 3900 346 3953 velutin
363 3916 457 3972 pompa
473 3900 652 3969 praecedentis
728 3900 777 3953 inis
802 3907 909 3971 aspectu
926 3898 1034 3951 mirifice
1051 3897 1166 3951 obiecta-

80 3968 128 4019 tur.
158 3969 241 4021 robur
267 3968 372 4023 rnilitum
397 3968 525 4040 posterius
550 3969 657 4039 incedit.
702 3970 787 4038 ignum
805 3969 891 4021 erucis
907 3965 1006 4019 Christi
1025 3981 1102 4035 super
1119 3967 1167 4020 ha-

81 4035 129 4101 stili
149 4053 228 4089 aureo
251 4038 358 4091 sublime
382 4045 516 4109 portatur,
538 4036 782 4108 imperatoremque,
808 4044 836 4091 et
861 4036 1040 4089 circumfusum
1061 4034 1166 4091 militen

80 4108 211 4161 sanauit.
245 4106 297 4159 diei
321 4109 384 4160 horn
408 4108 491 4161 nitere
513 4108 653 4162 inusitatae
677 4107 808 4161 vastitatis
825 4121 869 4158 sus
885 4105 911 4156 in
929 4104 1108 4173 imperatorem
1124 4104 1165 4157 in·

81 4173 167 4239 sunit,
184 4173 252 4229 unde
269 4193 349 4246 equus
367 4178 424 4231 eius
441 4184 492 4230 tam
509 4174 616 4230 incitato
634 4178 735 4231 bestiae
751 4177 849 4244 impetu
866 4174 1022 4226 conterritus
1038 4190 1164 4229 sessorem

82 4248 193 4317 quatere
208 4244 331 4299 luctatur.
365 4264 415 4315 quo
432 4247 506 4299 irena
523 4246 650 4298 mordiens
667 4245 810 4309 retinente,
826 4259 969 4313 quanquam
986 4243 1082 4296 invitus
1098 4244 1161 4295 οδε-

82 4302 131 4377 dli,
151 4318 178 4365 et
197 4314 404 4371 terricuiasnento
425 4316 459 4371 ab
481 4313 561 4369 oeulis
586 4315 671 4370 ablato
688 4314 720 4369 fit
736 4311 873 4386 quietior,⁴
888 4311 1032 4385 iterumque
1054 4310 1161 4366 habenis
