2817 4742
229 262 301 335 154
613 263 936 333 THEOPHYLACTI

229 434 287 521 ράς
302 428 436 500 διαλύειν
447 440 509 501 τῶν
523 434 596 520 περί
607 458 635 498 τι
650 434 957 517 καταστασιαζόντων
976 439 1026 503 καί
1043 440 1201 522 διαιτητοῦ
1214 438 1327 518 δεομέ-

229 563 292 605 νων
301 588 310 617 ,
338 538 391 603 τόν
407 539 442 603 δὲ
457 540 594 617 πέμπτον
607 532 757 621 η’γεῖσθαι
774 546 830 622 τῆς
844 543 940 606 iunco
948 590 959 620 ,
984 540 1040 607 τόν
1062 542 1095 607 di
1115 540 1194 622 μετά
1210 548 1327 606 τοῦτον

230 646 407 727 φορολογεῖν
423 640 459 706 τό
474 637 608 723 όπῆκοον
622 643 672 706 καί
688 650 750 707 τῶν
765 650 933 723 βασιλικῶν
945 647 1080 726 ταμείων
1094 642 1207 729 ἔφορον
1221 670 1325 729 πεφυ-

192 738 334 822 Ι)αίναι,
360 744 414 807 τόν
435 742 469 808 d'
492 744 626 827 ἕβδομον
646 741 799 828 κηδεμόνα
820 753 883 812 τῶν
900 744 1003 812 ὅπλων
1021 750 1072 812 καί
1087 753 1143 831 τῆς
1157 752 1327 828 πολεμικῆς

231 847 366 930 ἔσθῆτος
378 848 548 911 ἐπιστατεῖν
556 897 567 925 ,
594 850 730 931 Δαρείου
752 855 809 914 τοῦ
826 845 1005 914 Ὑστάσπου
1019 852 1140 915 τουτονί
1157 850 1212 915 τόν
1225 846 1349 928 νόμον5

231 952 264 1013 ἐν
279 959 342 1024 τοῖς
356 951 522 1031 βασιλείοις
538 950 791 1032 ἔκτεμενίσαντος.
843 954 897 1018 τὸν
911 955 945 1017 δὲ
958 953 1075 1038 Βαρδμ
1093 958 1150 1035 τῆς
1162 958 1220 1017 τοῦ
1234 956 1327 1036 Μιρ-

230 1048 333 1138 ριίμου
348 1054 505 1137 οίιιαρχίας
517 1049 693 1137 γενόμενον,
723 1052 823 1138 δῆμου
837 1054 869 1119 δ’
891 1055 1092 1141 Ἀρσακίδαι),
1120 1057 1330 1138 καταλεηιῆναί

229 1179 325 1240 φασιν
342 1154 372 1229 ta
387 1154 422 1219 τό
435 1152 583 1241 πρότερον
596 1166 661 1232 τοῖς
680 1162 736 1223 τοῦ
757 1158 908 1238 βασιλίως
923 1155 1182 1245 σωματοφύλαξι,
1210 1163 1327 1238 μικροῦ

229 1256 263 1323 δ’
278 1256 408 1341 ὕστερον
422 1266 642 1345 στρατιωτικῆς
656 1258 725 1344 ίλης
738 1257 929 1355 ἡγησάμενον
950 1268 1175 1349 συστρατεῦσαι
1185 1256 1328 1346 ’Χοσρόη

228 1365 274 1448 τῷ
294 1356 448 1440 Καβάδου
472 1363 576 1441 παιδί,
612 1359 702 1428 όπότε
725 1363 754 1428 ui
773 1362 968 1445 Βαβυλώνιοι
983 1367 1018 1431 τό
1034 1361 1145 1451 Δάρας
1165 1360 1325 1449 παρεστῆ-
1335 1370 1367 1422 10

230 1486 325 1527 σαντο
333 1510 343 1543 ,
368 1462 534 1528 Ἰουστίνου
548 1470 604 1531 τοῦ
616 1466 763 1552 νεωτίρου
780 1467 838 1549 τῆν,
847 1464 1006 1544 Ῥωμαίων
1021 1469 1230 1553 σκηπτουχίαν
1251 1466 1326 1531 ini-

227 1589 348 1647 χοντος.
399 1561 416 1631 ό
440 1567 496 1647 μίν
522 1559 577 1632 οὖν
596 1567 713 1651 Βαράμ
735 1569 876 1650 ε’σβαλιδν
899 1570 964 1652 ἅμα
981 1569 1113 1657 Χοσρόη
1127 1576 1172 1660 τῷ
1186 1574 1327 1651 Περσῶν

227 1672 352 1749 βασιλεῖ
361 1674 406 1757 τῷ
422 1667 579 1756 πρεσβύτῃ
585 1717 597 1749 ,
624 1672 674 1735 καί
687 1673 728 1746 εἷς
742 1670 798 1747 τάς
812 1670 962 1756 όρμονίας
974 1672 1071 1747 αότάς
1086 1675 1137 1736 καί
1154 1673 1234 1736 κατά
1247 1671 1327 1744 τούς

228 1768 382 1852 πολίμους
403 1772 642 1856 ἐπιφανέστατος
659 1771 805 1856 γεγονώς,
838 1777 1009 1861 στρατηγὸς
1028 1773 1092 1855 μετ’
1116 1772 1153 1840 ori
1174 1771 1326 1838 πολύκαὶ

227 1879 284 1938 τοῦ
299 1878 454 1956 Περσικοῦ
466 1884 680 1959 χειροτονεῖται
706 1875 933 1958 ἀθροίσματος.
984 1875 1066 1943 οὕτω
1085 1878 1120 1942 δὲ
1133 1875 1200 1941 κατ’
1217 1875 1324 1958 ὀλίγον
1335 1886 1365 1940 16

228 1973 410 2060 ἓξαιρούσης
430 1984 486 2059 τῆς
508 1974 602 2060 τύχης
623 1976 718 2042 αὐτόν
740 1974 783 2051 ὥς
802 1982 852 2041 καί
868 1980 1079 2063 δαριγμεδοόμ
1091 1986 1148 2063 τῆς
1158 1984 1327 2062 βασιλικῆς

228 2077 383 2155 ἀναδείξαι
397 2078 474 2169 (ἔστι
488 2081 522 2145 δὲ
535 2080 570 2146 δν
581 2079 619 2163 δὴ
634 2076 868 2166 κουροπαλάτην
877 2078 1019 2164 Ῥωμαῖοι
1033 2078 1326 2166 κατονομάζουσιν),

137 2260 211 2317 ΗΒ
228 2181 260 2257 ἔς
277 2181 355 2267 μίγα
377 2182 525 2258 ἀπονοίας
544 2180 688 2265 ίλῆλακε,
717 2186 768 2248 καί
788 2184 836 2248 ἐπὶ
858 2194 926 2259 ταῖς
944 2185 1023 2249 κατὰ
1051 2182 1200 2271 Τοόρκιυν
1223 2186 1328 2259 νίκαις

119 2329 144 2381 v
163 2334 212 2389 ¹96
227 2282 345 2369 μεγάλα
360 2288 410 2350 καί
428 2281 586 2352 ἀκάθεκτα
603 2287 702 2352 πνίων
719 2287 760 2352 τά
781 2293 838 2369 τῆς
852 2290 1035 2372 τυραννίδος
1051 2286 1151 2353 sidiam
1165 2282 1326 2371 κυήματα.

228 2413 246 2453 ο
266 2388 323 2471 μίν
346 2382 403 2455 οὖν
422 2386 524 2475 ὥσπερ
545 2396 705 2476 σπινθῆρα
728 2390 761 2454 ἓν
776 2392 890 2482 σποδιᾷ
908 2390 965 2473 τὴν
979 2398 1035 2457 τοῦ
1049 2390 1201 2472 βασιλέως
1210 2386 1366 2474 ‘Oppii-20

225 2494 303 2557 υδου
318 2489 503 2578 ἀποκρύπτει
516 2499 572 2577 τῆς
586 2490 685 2576 λύπης
695 2490 862 2573 όπόθεσιν,
888 2493 925 2558 τό
941 2494 976 2559 δέ
990 2498 1113 2576 πλῆθος
1127 2492 1250 2574 ίξίμηνε
1264 2516 1325 2576 φε-

224 2590 303 2680 νάκη
318 2591 583 2676 συσκευασάμενος
597 2592 640 2671 uic
656 2593 708 2677 οἷα
725 2596 763 2679 δη
777 2595 856 2661 κατὰ
870 2602 927 2661 τοῦ
940 2592 1096 2661 δολιτικοῦ
1112 2601 1169 2659 τοῦ
1185 2598 1325 2677 Περσῶν
1369 2598 1377 2613 ⁴

222 2700 463 2780 χαλεπαίνοντος
482 2698 652 2781 βασιλίως,
688 2702 740 2763 καί
764 2705 1044 2785 προσαπειλοῦντος
1064 2700 1115 2763 καί
1136 2694 1233 2784 φόνον
1254 2705 1325 2772 τοῖς

226 2803 439 2881 Βαβυλωνίοις
461 2799 670 2887 στρατεύμασι
696 2800 748 2866 διά
767 2801 806 2867 ssi
831 2805 899 2887 περὶ
916 2802 973 2886 τὴν
991 2803 1144 2876 Σουανίας
1163 2806 1221 2882 τῆς
1236 2824 1324 2881 συμ-

225 2907 341 2988 πλοκῆς
354 2901 547 2989 ἀτυχῆματα.
579 2904 784 2993 προσεφέρετο
802 2906 838 2971 δὲ
851 2908 902 2971 καί
917 2907 1088 2972 ε’πίπλαστα
1101 2910 1157 2971 τοῦ
1163 2900 1364 2989 Ὁρμίσδακσ

225 3132 313 3187 dicere
335 3140 415 3205 atque
438 3152 606 3202 componere,
630 3136 743 3205 φιλαίτιοι
767 3137 916 3206 praesidere
939 3136 1080 3208 equitatui,
1103 3141 1201 3189 sertam
1219 3132 1325 3187 tributa

224 3202 347 3273 colligere
365 3216 393 3257 et
409 3204 534 3258 serarium
552 3205 648 3273 regium
673 3222 783 3271 curare,
808 3207 940 3276 septimam
957 3224 1028 3259 arma
1045 3214 1074 3260 et
1089 3206 1209 3257 vestitum
1227 3202 1324 3255 militu-

226 3288 278 3324 τινα
297 3273 451 3342 providera3
469 3282 496 3326 et
513 3275 578 3326 hauc
595 3278 677 3343 legem
695 3276 764 3327 iuter
780 3275 845 3328 alias
862 3277 933 3344 leges
950 3277 1038 3345 regias
1055 3274 1158 3328 Darium
1176 3271 1325 3339 Hystaspis

225 3340 305 3392 filium
322 3350 512 3395 sacrosanctam
529 3343 673 3395 condidisse
719 3344 853 3396 Varamum
879 3362 942 3397 vero
965 3344 992 3397 iu
1017 3345 1133 3415 principe
1158 3342 1231 3393 domo
1250 3340 1326 3392 Mir-

224 3409 320 3473 rhami,
343 3412 439 3464 familia
462 3420 547 3464 autem
573 3413 754 3465 Arsacidarum
776 3422 952 3483 procreatum,
977 3414 1103 3483 prinicipio
1127 3428 1142 3462 e
1165 3406 1325 3461 custodibus

223 3476 279 3530 sive
296 3479 451 3531 satellitibus
468 3482 548 3549 regiis
565 3497 641 3533 uuum
666 3482 747 3535 luisse
771 3482 930 3551 praedicant.
967 3485 1043 3553 paulu
1061 3487 1121 3550 post
1134 3476 1251 3531 cohortis
1271 3478 1326 3530 du-

222 3563 278 3600 cem
295 3547 386 3600 lectum
405 3548 537 3602 chosroae
559 3549 673 3603 liuhadis
691 3551 745 3603 lilio
762 3552 901 3615 militasse,
919 3568 974 3604 cun
992 3552 1089 3603 Persae
1106 3548 1198 3599 Duram
1216 3546 1324 3599 Iustino

222 3614 321 3669 iuniore
338 3616 446 3669 Romani
462 3617 563 3684 imperii
580 3625 685 3689 sceptra
702 3627 806 3673 tenente
823 3621 981 3687 subigerent.
1015 3619 1037 3670 is
1061 3616 1142 3684 igitur
1158 3632 1214 3667 cum
1232 3614 1326 3667 Chos-

142 3748 147 3758 .
221 3701 268 3739 roe
284 3684 386 3738 seniore
402 3684 428 3737 iu
446 3683 536 3737 militia
554 3696 692 3750 versatus,
712 3689 818 3757 eiusque
838 3689 1012 3741 familiaritate
1031 3685 1119 3737 intima
1136 3692 1164 3737 et
1180 3683 1249 3736 bello
1264 3685 1324 3735 cla-

222 3754 352 3819 rissimus,
369 3770 419 3806 uon
437 3754 515 3807 multo
534 3764 592 3821 post
612 3756 708 3808 Persici
727 3758 856 3810 exercitus
874 3758 1013 3825 imperator
1024 3770 1134 3807 suurmus
1145 3751 1324 3806 renuntiatur.

222 3840 329 3893 cumque
348 3824 466 3877 fortunae
483 3822 559 3875 lavor
576 3824 704 3891 gradatim
718 3824 755 3877 ita
772 3827 894 3877 liosuiuem
907 3826 1036 3878 erexisset
1046 3832 1075 3877 ut
1091 3824 1168 3876 otiam
1181 3820 1325 3888 liarigme-

221 3890 280 3944 dum
298 3891 387 3961 regias
410 3893 508 3945 feceret
524 3893 613 3960 (quem
631 3893 738 3945 Romani
755 3895 957 3962 curopalatem,
981 3884 1030 3945 ho'c
1046 3900 1087 3945 est
1104 3891 1193 3961 palatii
1210 3898 1326 3942 murato-

222 3975 274 4011 rem
292 3967 319 4013 et
337 3962 494 4029 praesectum
512 3961 671 4031 appellant),
699 3964 724 4013 iu
749 3980 863 4030 uragumu
882 3963 1017 4031 prolapsus
1041 3969 1082 4013 est
1099 3958 1265 4020 vecordiam,
1291 3976 1327 4011 ac

223 4037 330 4096 propter
348 4038 494 4099 reportatas
512 4033 545 4084 dc
562 4030 658 4083 Turcis
676 4031 800 4082 victorias
818 4031 993 4083 incredibilem
1010 4032 1036 4082 iu
1047 4030 1146 4082 mudum
1158 4037 1326 4080 seseamarts

216 4097 378 4152 dominatum
404 4100 509 4154 invasit.
545 4100 616 4151 velut
633 4099 768 4151 scintillam
787 4100 867 4169 igitur
882 4102 931 4153 sub
949 4101 1036 4152 cinere
1054 4098 1207 4152 Hormisdou
1224 4097 1325 4165 exagi-

221 4165 294 4217 tandi
314 4166 468 4221 voluntatem
485 4169 627 4234 occultans,
645 4168 739 4221 milites
757 4170 915 4221 veteratorie
931 4168 1100 4221 circumducit
1116 4174 1195 4233 atqrrs
1211 4163 1325 4228 efferat,

223 4232 297 4303 quasi
315 4250 361 4287 rex
385 4234 435 4287 illis
457 4245 608 4290 succenseat
626 4243 653 4291 et
670 4244 776 4291 mortem
793 4237 943 4301 minitetur,
967 4241 1030 4307 quia
1046 4238 1072 4289 iu
1089 4234 1187 4289 Suauia
1203 4233 1259 4287 iusi
1279 4236 1326 4288 iu-
