2817 4742
179 379 237 426 xrv
481 358 715 428 1:1201ttttt1
739 360 972 430 PRAEFATIO

181 544 282 596 tonrnr
302 549 425 596 suanm
445 531 511 596 sira
529 531 569 597 de
581 532 827 622 inscriptionibus
840 532 918 600 adeo
932 555 1041 623 parum
1053 535 1149 600 luisse
1162 533 1276 601 sollici-

181 646 248 715 tos,
273 643 305 708 ut
324 655 379 697 eos
401 654 493 722 saepe
514 637 683 706 omiserint.
735 638 768 701 in
788 659 849 725 quo
869 637 1000 725 posteris
1013 637 1147 719 errandi,
1173 661 1214 702 ne
1227 637 1277 702 di·

183 757 250 802 cam
262 735 429 824 ineptiendi
442 737 511 802 data
525 751 571 804 est
584 740 713 807 occasio.
765 739 922 828 splendida
943 762 1017 806 sane
1039 743 1222 829 appellatio,
1248 754 1278 805 et
1373 758 1374 761 ’

182 860 260 926 quae
277 841 451 906 universam
469 841 622 929 quendam
641 843 725 909 orbis
744 865 799 908 seu
819 867 921 908 renum
935 866 991 933 par
1003 847 1111 910 orbem
1123 858 1277 928 gestarum
1374 924 1375 941 ἵ

183 943 429 1030 explanationem
451 945 587 1034 polliceri
608 946 762 1028 rideatm,
787 970 857 1011 cum
878 961 982 1011 tamen
1003 947 1128 1013 nonnisi
1139 947 1278 1011 Mauricii

182 1067 248 1125 res,
272 1067 371 1133 neque
389 1050 461 1112 illae
480 1071 588 1114 omnes
600 1050 659 1114 hoc
672 1052 830 1116 volumine
843 1052 1046 1139 explicentur,
1072 1053 1167 1115 multa
1181 1051 1279 1137 siqui-
1375 1118 1376 1143 ζ

108 1184 110 1188 ⁴
182 1147 255 1212 dem
278 1149 372 1214 etiam
391 1151 464 1214 alibi
485 1153 570 1217 etin
591 1151 758 1218 Occidente
778 1166 808 1218 et
829 1154 863 1216 in
884 1153 972 1219 ltalia
993 1155 1153 1243 praecipue
1174 1153 1278 1236 gessit.

182 1248 256 1337 quid
275 1251 370 1334 ergo?
420 1256 547 1320 arbitror
567 1256 759 1321 inventorem
779 1258 870 1321 huius
891 1257 1096 1344 inscriptionis
1118 1255 1278 1343 adipsum
1376 1310 1377 1325 2

182 1354 413 1442 imperatorem,
440 1359 492 1444 qui
511 1369 578 1422 tum
598 1361 681 1425 nullo
701 1361 762 1424 alio
784 1359 961 1426 Occidentis
977 1361 1161 1448 imperatore
1174 1360 1279 1423 otacu-

181 1454 301 1538 passas
325 1457 386 1522 dici
412 1482 485 1526 vere
505 1463 619 1548 poturit,
644 1464 833 1550 respexisse,
860 1475 895 1526 ut
915 1485 977 1528 nun
998 1476 1061 1527 tatu
1085 1463 1278 1525 oecumenica
1377 1471 1378 1496 ¹

181 1581 274 1646 quam
287 1565 473 1627 oecumenici
486 1564 611 1628 historia
624 1565 812 1629 nominanda
830 1566 979 1636 rideatur.
1031 1588 1089 1631 uos
1103 1577 1138 1628 ut
1151 1585 1279 1629 omnem

180 1665 406 1745 ambiguitatem
421 1667 689 1754 obscuritatemque
709 1670 883 1750 sugeremus
892 1656 916 1748 ,⁴
929 1669 1107 1754 simpliciter
1119 1689 1175 1730 nec
1187 1669 1278 1747 ialso,
1378 1706 1379 1733 t

181 1777 213 1828 et
233 1765 314 1853 quod
326 1766 408 1832 'ulis
431 1783 495 1850 est,
519 1772 678 1834 historiam
690 1769 829 1834 Mauricii
849 1771 1042 1858 imperatoris
1055 1769 1277 1857 inscripsimus,

182 1889 244 1931 non
263 1870 484 1958 impedientes,
504 1873 531 1936 si
553 1873 622 1957 quis
640 1873 841 1940 nihilominus
853 1870 1063 1957 οἰκουμεναὴν
1077 1872 1208 1940 voluerit
1220 1892 1279 1959 ap-
1379 1918 1380 1929 ,

180 1972 303 2058 pellere.

339 2139 415 2226 QUI
439 2141 518 2208 RES
543 2132 729 2211 MAURIGII
753 2142 1113 2210 PERSCRIPSERINT.

283 2276 468 2367 Quanquam
488 2279 527 2344 de
547 2280 606 2344 hoc
618 2301 731 2362 magno
745 2291 777 2342 et
787 2280 897 2344 illustri
909 2280 1093 2366 imperatore
1106 2281 1279 2366 complures

182 2381 377 2469 scripserunt,
400 2383 478 2449 duos
499 2395 601 2447 tarum
618 2383 813 2472 potissimum
831 2381 998 2446 laudandos
1012 2384 1195 2468 caeterisque
1210 2383 1280 2446 sine
1381 2370 1382 2377 ἵ

182 2487 244 2548 ulla
271 2488 472 2552 controversia
498 2487 676 2570 longissime
703 2485 931 2574 anteponendos
958 2484 1066 2564 video,
1102 2484 1279 2566 Evagrium,

182 2589 322 2653 omnium
341 2591 584 2677 antiquissimum
607 2602 638 2655 ct
656 2590 754 2676 ipsius
766 2589 905 2654 Mauricii
917 2590 1093 2674 aequalem,
1119 2589 1204 2651 cuius
1219 2608 1280 2649 ex-

182 2702 247 2760 tant
269 2691 338 2756 libri
358 2689 502 2757 historiae
523 2693 740 2758 ecclesiasticae
766 2692 840 2777 (qui
859 2713 929 2756 cum
942 2690 1065 2754 nonnisi
1078 2688 1117 2753 ad
1131 2687 1279 2752 duodeci-

182 2815 268 2856 mum
282 2795 347 2859 eius
362 2815 474 2858 anuum
488 2798 673 2883 pervenerit,
693 2806 817 2884 apparet
829 2807 900 2858 ante
912 2795 999 2857 illum
1012 2793 1075 2860 rita
1089 2793 1277 2856 excessisse:

182 2895 346 2962 Mauricius
365 2900 479 2986 quippe
499 2902 587 2964 annis
607 2901 715 2982 viginti
728 2898 859 2984 imperio
872 2897 1035 2984 praefuit),
1060 2907 1092 2958 et
1104 2894 1278 2981 Theophy-

182 3000 293 3063 lactum
312 3002 392 3064 hunc
413 3015 566 3084 nostrum,
586 3003 637 3090 qui
650 3003 793 3089 proxime
804 3012 922 3064 secutus
936 3012 983 3064 est
995 2998 1173 3080 Evagrium,
1199 2998 1278 3062 scri·

182 3103 302 3188 psitque
322 3117 465 3184 regnante
486 3105 624 3169 Heraclio
644 3104 767 3170 Phocae
780 3125 969 3183 successore,
993 3114 1025 3166 et
1038 3102 1156 3187 scripsit
1170 3121 1211 3162 ex
1224 3100 1275 3161 in-

183 3206 287 3268 stituto
309 3206 394 3269 libris
414 3209 434 3268 8
454 3208 611 3271 historiam
633 3207 787 3285 lllauricii,
813 3206 1033 3267 accuratissime
1053 3216 1084 3266 et
1097 3202 1276 3266 elaboratis·

183 3308 279 3388 sime,
303 3322 337 3371 ut
357 3307 486 3384 videbis.
538 3332 578 3373 cx
600 3332 659 3396 quo
681 3322 823 3395 tauquam
843 3308 970 3371 flumine
983 3306 1092 3368 caeteri
1104 3306 1188 3370 rivos
1200 3325 1276 3368 suos

184 3409 390 3492 deduxerunt,
415 3413 556 3499 inprimis
574 3412 797 3500 Theophanes,
823 3411 890 3497 qui,
916 3410 997 3495 quod
1016 3407 1149 3473 Iustinus
1169 3405 1275 3488 Trogo

183 3510 333 3601 Pompeio
355 3528 385 3578 et
405 3515 584 3603 Xiphilinus
605 3515 715 3596 Dioni,
740 3516 798 3579 hoc
811 3517 879 3601 ipse
892 3512 1074 3578 Simocattte
1087 3512 1161 3573 tuit:
1187 3530 1276 3573 coru-

184 3616 329 3704 pandium
344 3619 427 3680 enim
441 3619 595 3704 quoddam
608 3620 754 3700 coniecit,
780 3631 811 3682 et
834 3618 867 3680 id
881 3616 1054 3680 Anastasius
1068 3613 1275 3676 Bibliotheca·

185 3721 247 3784 rius
259 3721 468 3808 interpretatus
482 3735 527 3786 est
540 3725 620 3812 pene'
633 3735 740 3788 totum.
790 3721 900 3785 Paulus
913 3719 1067 3782 Diaconua
1079 3717 1113 3779 iu
1126 3715 1274 3795 Miscelln,

185 3823 335 3905 Zonaras,
369 3822 536 3904 Gedrenus,
568 3827 757 3915 Nicephorus
785 3823 932 3887 Callistus.
985 3828 1094 3884 omnes
1122 3820 1174 3881 isti
1202 3838 1274 3882 suas

184 3929 369 3992 narrationes
389 3929 460 3991 hinc
478 3927 649 3994 derivarunt
661 3939 680 4010 ,'
692 3925 856 3992 secundum
875 3925 1096 4011 Theophanem
1116 3921 1273 4005 Nicepho-

184 4051 236 4093 rus
262 4030 464 4117 putissimum.
514 4053 620 4096 vorutu
647 4054 705 4093 nos
731 4029 845 4092 dulcius
866 4052 907 4093 ex
928 4029 996 4115 ipso
1019 4030 1104 4088 sonte
1123 4021 1272 4087 bibamus.

184 4135 280 4196 multo
302 4135 384 4197 enim
404 4133 483 4221 apud
503 4147 641 4198 nostrum
655 4133 758 4197 omnia
772 4133 922 4219 copiosius
937 4144 968 4194 ct
980 4121 1152 4210 diligentius
1172 4126 1273 4206 (tam-

186 4235 244 4298 etsi
256 4255 319 4298 non
334 4239 401 4300 sine
415 4237 667 4320 digressionibus,
689 4236 744 4302 sed
758 4237 879 4299 utilibus
894 4247 924 4298 ct
937 4232 1096 4313 iucundis)
1116 4231 1273 4316 explican-

186 4351 243 4403 tur.
291 4351 322 4402 et
343 4342 436 4422 gram
457 4363 566 4425 magna
589 4341 693 4408 Nobili
715 4361 750 4404 ac
769 4340 928 4423 Magnifice
948 4337 989 4408 D.
1011 4335 1120 4400 Ioanni
1140 4332 1273 4414 Georgia
