2817 4742
255 242 364 349 ιον.
640 244 965 314 Τειοοιιιτιιοει

1404 328 1405 373 i

251 420 319 506 aspi
334 417 448 505 μικρόν
463 422 526 484 τῶν
538 409 637 503 λόγιον
649 414 769 483 sinubus
783 415 868 506 αδτῷ
883 416 940 501 τὴν
953 410 1116 483 inirem
1148 409 1266 481 τοότιυν
1278 438 1337 479 τοι·

251 529 367 611 γαροῦν
396 522 635 608 δεογγελθίντιυν
661 531 726 597 τοῖς
749 521 883 602 δξίχουσι
906 514 1178 605 τῶνβαρβάρων,
1202 516 1337 600 intrato
1404 524 1405 597 i

253 627 332 711 δορός
347 625 385 691 τὰ
397 627 538 708 βασίλεια
552 626 674 709 γίνεται.
704 621 896 708 Ἰεἰπεξείγεται
909 624 946 689 δέ
957 628 1014 707 τῆς
1027 628 1169 709 φρουρᾶς
1182 624 1234 685 καί
1246 618 1262 687 ό
1272 618 1339 704 Ὀρ·
1404 602 1405 675 i

253 732 368 814 μίσδας
375 776 385 808 ,
411 727 496 805 ὅπως
508 739 572 805 τοῖς
587 727 815 813 ἐπηγγελμένας
828 726 914 816 αὐτῷ
928 727 1024 811 πέρας
1038 721 1244 811 προθήσοετο.
1290 729 1340 788 τοῦ

254 835 358 899 τοίνυν
379 822 526 916 ξυλλόγου
540 830 821 917 συγκεκροτημένου
836 830 913 912 πρός
927 829 967 896 τό
980 824 1154 917 ἀνάκτορα,
1177 824 1367 914 Ὁρμίοδοςσ
1404 851 1405 861 ’

254 938 285 1013 ές
297 936 393 1019 μέσον
407 932 504 1011 ἑστὼς
519 937 614 1001 τῶνδε
627 941 689 1000 τῶν
702 932 800 1019 λόγων
811 930 982 1017 όπῆρξατο.
1404 935 1405 945 ’

216 1058 239 1113 c
359 1035 394 1107 4.
446 1037 598 1125 “’Άνδρες
619 1037 750 1119 θεαταί,
773 1035 846 1103 ἀλλ’
863 1036 929 1103 εἶδε
944 1035 988 1121 μη
1003 1040 1171 1118 βασιλικῶν
1185 1025 1343 1115 ότοχημό-

134 1204 137 1209 ,
252 1167 316 1207 τιον
341 1142 526 1227 δημιουργοί
542 1167 597 1224 μοι
619 1137 778 1227 γεγόνατε·
804 1138 888 1207 οὕτω
909 1139 968 1226 γὰρ
990 1138 1048 1206 osia
1067 1136 1106 1206 όν
1127 1132 1342 1221 δκληροόσεισθε

254 1244 383 1327 βασιλέα
403 1240 579 1329 δημηγόρον
600 1242 666 1326 ἅμα
686 1246 738 1310 καί
759 1242 894 1326 δέσμιον.
947 1240 1057 1328 ἄνδρες
1077 1244 1142 1309 νυνὶ
1162 1241 1218 1322 μέν
1237 1244 1343 1325 γαῦροι
1403 1242 1405 1247 ’

254 1346 393 1429 πολέμιοι
401 1394 412 1427 ,
434 1347 470 1414 τδ
486 1346 521 1413 δέ
536 1343 684 1434 πρότερον
698 1344 829 1431 όπῆκοοι
843 1348 894 1413 καί
907 1346 986 1429 μετὰ
1000 1347 1089 1423 δέους
1102 1340 1265 1428 πειθήνιοι.
1291 1340 1342 1404 εἷν-
1351 1350 1386 1404 10
1404 1430 1405 1433 ¹

176 1482 177 1485 ¹
253 1453 324 1535 δρις
339 1452 461 1531 θεαταί,
490 1449 562 1516 ἀλλ’
578 1450 642 1518 ritis
655 1450 700 1536 μὴ
714 1447 901 1535 τηλικοότων
912 1456 1015 1517 κακῶν
1027 1444 1200 1536 aporii-isra
1214 1442 1344 1531 σήμερον
1404 1456 1405 1459 ’

253 1552 404 1638 ὑπηρέται
433 1554 484 1619 καί
511 1548 675 1641 μόρτυρες.
729 1557 756 1621 εί
780 1550 973 1640 συγχεορῆοοι
995 1553 1033 1620 τδ
1054 1548 1207 1637 δόκρυον,
1241 1545 1344 1635 posin

253 1654 367 1743 όφῆσεο
383 1660 591 1741 προξενοῦσαν
611 1650 705 1732 αὖθις
718 1656 754 1725 εδ
769 1654 924 1743 δόκρυον·
951 1652 1016 1743 όρολ
1030 1654 1089 1742 γδρ
1104 1651 1187 1736 όμελς
1202 1654 1344 1734 inserpu-

254 1750 458 1845 φῶνταςτοῒς
473 1755 639 1845 ἀδικήμασι
654 1762 704 1830 καί
722 1767 909 1848 κροτοῦντας
923 1759 968 1825 roi
981 1770 1080 1842 χεῖρε,
1108 1766 1172 1832 τοῖς
1192 1753 1298 1820 ὀδοῦσι
1313 1751 1344 1815 δέ

213 1878 239 1934 Ι)
256 1860 430 1947 τετρεγότας
438 1911 447 1943 ,
477 1873 543 1937 τοῖς
560 1864 595 1927 δέ
617 1860 793 1947 προσώποις
805 1860 1082 1947 μυκτηρεζομένους
1096 1855 1176 1941 όμοῦ
1189 1858 1239 1922 καί
1252 1863 1384 1943 paru-15

253 1966 411 2045 κίζοντας,
437 1960 583 2047 ίκχιίτους
600 1971 645 2055 τῷ
669 1965 794 2050 γέλωτι,
820 1963 968 2049 όσχίτους
983 1972 1046 2040 τοῖς
1061 1961 1268 2042 δνειδίσμαοι,
1296 1959 1343 2025 καί

252 2070 280 2133 si
300 2066 343 2152 μὴ
366 2062 562 2152 σφείλλομαι,
588 2069 735 2153 παιγνίαν
754 2062 905 2163 όπόδεσιν
927 2065 1053 2150 ἔχοντες
1074 2065 1232 2145 βασιλείας
1251 2057 1343 2143 νόμον

253 2169 420 2251 ottrannus.
473 2166 618 2251 meipsum
640 2170 699 2255 γὰρ
723 2167 796 2251 όμΐν
815 2172 849 2233 έν
867 2170 952 2257 μέσην
973 2169 1168 2253 προκείμενος
1185 2162 1202 2231 δ
1217 2162 1278 2250 πρό
1293 2190 1344 2243 μι-

251 2276 328 2355 κροῦ
343 2265 487 2359 καθάπερ
501 2269 575 2348 θεὸς
590 2268 856 2354 προσκυνοίμενος
869 2264 1064 2354 αίχμόλοντος
1074 2265 1136 2335 ainsi
1148 2274 1212 2334 τῶν
1225 2270 1344 2333 πολλῶν

252 2370 469 2459 δανειζόμενος,
498 2370 597 2450 iram
610 2370 768 2460 ἁλουργέσι
781 2371 1010 2461 περιρρεόμενος
1025 2380 1081 2439 νῦν
1096 2369 1253 2455 σεσηπότα
1266 2366 1383 2455 prinam
1404 2366 1405 2369 ’

148 2491 169 2539 V
188 2490 238 2543 201
257 2472 531 2560 περιβαλλόμενος,
557 2472 574 2541 ό
595 2474 713 2559 siusium
728 2484 849 2563 χρυσοῦ
862 2479 912 2541 καὶ
923 2477 1114 2559 μαργαρίτου
1130 2470 1345 2553 κατακοσμοό-

251 2603 343 2660 μενος
360 2584 416 2644 νῦν
436 2578 549 2668 σχοίνῳ
570 2575 796 2668 οεδηροτεόκτρν
810 2574 1099 2663 ταλαιπωροόμενός
1115 2601 1148 2642 τε
1166 2579 1217 2642 καλ
1232 2585 1344 2641 κακου-

164 2699 185 2754 Ρ
202 2691 236 2753 95
252 2678 417 2767 χοόμενος,
445 2678 462 2747 ό
478 2680 535 2761 τὰς
544 2682 653 2771 τρίχας
669 2678 898 2768 εὖθετιζόμενος
909 2683 961 2749 καί
975 2690 1040 2759 τοῖς
1050 2676 1162 2769 μόροις
1175 2673 1344 2747 καταπνεό-

254 2978 344 3035 stodes
361 2979 438 3035 etiam
454 2980 521 3051 regii
538 2980 651 3037 universi
670 2982 703 3038 sd
720 3000 751 3039 ss
767 2983 935 3039 eonsenisuir
950 2998 1003 3038 non
1019 2981 1085 3037 eoin
1102 2981 1136 3037 ria
1152 2998 1182 3037 re
1199 2978 1274 3049 parri
1290 2995 1345 3032 mo-

251 3050 328 3103 menti
354 3052 434 3103 verba
457 3051 593 3105 facturum.
627 3055 692 3106 baeu
716 3053 761 3107 ubi
785 3054 951 3110 barbarorum
968 3053 1129 3123 principibus
1144 3051 1262 3103 nuntiata
1277 3053 1345 3110 sunt,

251 3126 394 3173 conventus
410 3118 442 3172 tit
457 3120 484 3174 in
501 3122 613 3187 regiam,
631 3122 751 3175 educitur
766 3141 781 3175 e
798 3123 917 3176 mrstodia
933 3122 1100 3184 Hormisdas,
1125 3119 1250 3192 promissa
1270 3135 1346 3188 prae·

251 3188 370 3309 ¹stitutus.
406 3196 484 3243 coetu
507 3188 588 3259 igitur
604 3192 633 3245 iu
649 3191 771 3262 petatium
789 3202 894 3257 coacto,
918 3198 990 3247 stsus
1007 3191 1034 3245 iu
1051 3191 1149 3255 modio,
1172 3188 1212 3241 sie
1228 3195 1269 3240 est
1284 3204 1346 3258 pro-

263 3264 331 3311 atus.

131 3318 135 3327 '
321 3322 348 3379 4.
382 3323 464 3377 “Viri
482 3330 643 3396 spectatores
659 3326 778 3394 (utinam
795 3344 859 3381 vero
870 3326 931 3381 mihi
943 3327 999 3397 regi
1011 3326 1200 3382 restrobanrm
1212 3324 1346 3379 salamita-

252 3400 307 3452 tum
330 3410 381 3446 non
403 3392 479 3447 etiarn
503 3396 644 3449 architecti
664 3397 796 3460 fuissetis,
819 3398 858 3451 sio
880 3397 946 3449 enim
971 3414 1057 3465 regern
1075 3398 1293 3458 concionatorem,
1318 3399 1346 3445 et

254 3461 361 3513 eundem
377 3463 489 3517 vinctum
507 3481 556 3516 nou
573 3465 758 3533 habuissetis.)
783 3466 850 3529 viri,
867 3484 933 3519 nuno
949 3468 1054 3533 superbi
1071 3468 1174 3527 hostes,
1191 3465 1267 3533 panio
1284 3470 1347 3515 aute

255 3528 366 3593 subditi,
390 3539 418 3582 et
440 3549 490 3584 uon
506 3528 563 3585 sibe
580 3533 672 3587 timore
693 3535 852 3588 obedientes.
888 3534 939 3587 riri
963 3543 1126 3605 spectatores
1147 3534 1263 3600 (utinam
1281 3547 1345 3583 vero

254 3605 383 3651 tantorum
401 3598 520 3653 malorum
537 3602 613 3655 etiam
631 3610 750 3657 nociores
768 3604 846 3666 milri,
872 3612 953 3672 atqua
970 3611 1052 3657 testes
1070 3603 1148 3656 bodie
1165 3620 1215 3655 non
1232 3599 1346 3665 essetis)

254 3667 304 3721 nisi
321 3682 410 3719 rocam
428 3666 548 3721 lacrimae
563 3670 753 3735 intercludant,
775 3689 863 3725 roeem
881 3672 993 3736 mittam,
1016 3690 1083 3742 quae
1102 3689 1202 3725 rursum
1220 3674 1346 3739 provooet

253 3736 382 3791 lacrimas.
417 3736 494 3789 video
518 3736 584 3791 enim
604 3742 675 3793 vobis
693 3742 755 3793 nihii
772 3758 829 3794 esse
845 3742 997 3805 iucundius,
1021 3758 1096 3811 quarn
1120 3741 1217 3794 iniuste
1232 3736 1346 3799 taedere,

254 3813 284 3859 ot
300 3805 423 3875 plaudere
440 3804 571 3868 matribus,
588 3817 617 3861 et
632 3809 752 3862 frendere
768 3810 903 3872 dentibus,
920 3818 947 3861 et
963 3812 1121 3864 subsannare
1137 3809 1212 3863 simui
1230 3824 1261 3858 ao
1278 3804 1345 3857 tout-

255 3874 343 3941 ficsri,
361 3882 386 3925 et
404 3874 488 3929 eiiuss
504 3874 630 3939 irridere,
647 3886 676 3931 et
691 3878 844 3946 impotenter
860 3878 1027 3932 maledicere:
1055 3897 1101 3941 ao,
1118 3877 1168 3931 nisi
1185 3876 1279 3937 ssiior,
1296 3891 1344 3943 pro

254 3942 312 3997 lusu
328 3942 419 4012 pneriii
435 3944 584 3998 venerando
600 3944 673 4015 regni
692 3945 806 4014 legitima
821 3948 925 4001 ducere.
959 3950 1036 4001 adest
1052 3948 1117 4000 enirn
1135 3962 1202 3999 nuno
1218 3943 1244 3996 io
1262 3943 1344 3996 medio

254 4022 366 4065 vestrum
384 4014 516 4082 captivus,
540 4021 567 4067 et
585 4014 618 4066 ab
637 4014 732 4067 intimis
747 4016 816 4068 iuste
832 4024 974 4080 mactatus,
992 4015 1036 4088 qui
1054 4017 1130 4087 paulo
1147 4020 1209 4066 aute
1224 4019 1346 4081 unquam

254 4080 320 4133 derra
340 4082 504 4139 adorabatur.
538 4081 584 4153 qui
608 4099 722 4153 purpura
744 4084 913 4148 induebatur,
934 4103 1001 4138 nono
1026 4084 1117 4153 pannis
1140 4082 1347 4151 putrescentibus

255 4151 364 4215 tegitur.
397 4152 440 4219 qui
464 4169 527 4206 auro
552 4158 580 4205 et
601 4151 750 4222 margaritis
765 4155 792 4206 in
809 4154 909 4207 deiiaiis
932 4154 1093 4216 collucebat,
1116 4150 1190 4205 modo
1208 4150 1235 4204 in
1251 4160 1346 4204 eatena

253 4220 340 4272 [arros
357 4234 500 4283 aerumnam
517 4220 609 4292 erigit.
642 4221 687 4293 qui
701 4221 822 4294 capillum
838 4223 905 4278 scits
922 4224 1110 4293 eleganterque
1125 4222 1302 4293 componebat,
1319 4226 1346 4274 at
