<?xml version="1.0" encoding="UTF-8"?>
<!DOCTYPE html PUBLIC "-//W3C//DTD XHTML 1.0 Transitional//EN"
    "http://www.w3.org/TR/xhtml1/DTD/xhtml1-transitional.dtd">
<html xmlns="http://www.w3.org/1999/xhtml" xml:lang="en" lang="en">
 <head>
  <title>
</title>
<meta http-equiv="Content-Type" content="text/html;charset=utf-8" />
  <meta name='ocr-system' content='tesseract 3.04.00' />
  <meta name='ocr-capabilities' content='ocr_page ocr_carea ocr_par ocr_line ocrx_word'/>
</head>
<body>
  <div class='ocr_page' id='page_1' title='image "./corpusscriptoru51theogoog/corpusscriptoru51theogoog_0016.png"; bbox 0 0 2817 4742; ppageno 0'>
   <div class='ocr_carea' id='block_1_1' title="bbox 212 1059 1305 1380">
    <p class='ocr_par' dir='ltr' id='par_1_1' title="bbox 212 1059 1305 1380">
     <span class='ocr_line' id='line_1_1' title="bbox 391 1059 1128 1180; baseline 0.009 -10"><span class='ocrx_word' id='word_1_1' title='bbox 391 1059 1128 1180; x_wconf 70' lang='lat' dir='ltr'><strong>ricosrrouriur</strong></span> 
     </span>
     <span class='ocr_line' id='line_1_2' title="bbox 212 1259 1305 1380; baseline 0.014 -17"><span class='ocrx_word' id='word_1_2' title='bbox 212 1259 683 1379; x_wconf 83' lang='lat' dir='ltr'><strong>PRAEFATIO</strong></span> <span class='ocrx_word' id='word_1_3' title='bbox 717 1271 826 1376; x_wconf 90' lang='lat' dir='ltr'><strong>AD</strong></span> <span class='ocrx_word' id='word_1_4' title='bbox 859 1270 1305 1380; x_wconf 86' lang='lat' dir='ltr'>LECTOREM</span> 
     </span>
    </p>
   </div>
   <div class='ocr_carea' id='block_1_2' title="bbox 263 1477 1253 1568">
    <p class='ocr_par' dir='ltr' id='par_1_2' title="bbox 263 1477 1253 1568">
     <span class='ocr_line' id='line_1_3' title="bbox 263 1477 1253 1568; baseline 0.01 -26"><span class='ocrx_word' id='word_1_5' title='bbox 263 1477 333 1542; x_wconf 86' lang='lat' dir='ltr'><strong>DE</strong></span> <span class='ocrx_word' id='word_1_6' title='bbox 369 1481 642 1550; x_wconf 85' lang='lat' dir='ltr'><strong>AUCTORE</strong></span> <span class='ocrx_word' id='word_1_7' title='bbox 675 1484 858 1552; x_wconf 79' lang='lat' dir='ltr'><strong>HUIUS</strong></span> <span class='ocrx_word' id='word_1_8' title='bbox 892 1486 1253 1568; x_wconf 85' lang='lat' dir='ltr'><strong>HISTORIAE,</strong></span> 
     </span>
    </p>
   </div>
   <div class='ocr_carea' id='block_1_3' title="bbox 316 1629 1198 1857">
    <p class='ocr_par' dir='ltr' id='par_1_3' title="bbox 316 1629 1198 1857">
     <span class='ocr_line' id='line_1_4' title="bbox 316 1629 1198 1727; baseline 0.009 -23"><span class='ocrx_word' id='word_1_9' title='bbox 316 1647 375 1705; x_wconf 86' lang='lat' dir='ltr'><strong>nn</strong></span> <span class='ocrx_word' id='word_1_10' title='bbox 402 1647 623 1712; x_wconf 80' lang='lat' dir='ltr'><strong>seumrrs</strong></span> <span class='ocrx_word' id='word_1_11' title='bbox 651 1629 780 1727; x_wconf 80' lang='lat' dir='ltr'><strong>uiua,</strong></span> <span class='ocrx_word' id='word_1_12' title='bbox 811 1655 871 1711; x_wconf 86' lang='lat' dir='ltr'><strong>nn</strong></span> <span class='ocrx_word' id='word_1_13' title='bbox 898 1654 1198 1714; x_wconf 79' lang='lat' dir='ltr'><strong>sunonsmus</strong></span> 
     </span>
     <span class='ocr_line' id='line_1_5' title="bbox 409 1799 1103 1857; baseline 0.001 -4"><span class='ocrx_word' id='word_1_14' title='bbox 409 1799 448 1852; x_wconf 80' lang='grc' dir='ltr'><strong>ΙΝ</strong></span> <span class='ocrx_word' id='word_1_15' title='bbox 463 1801 539 1854; x_wconf 75' lang='lat' dir='ltr'><strong>EUM</strong></span> <span class='ocrx_word' id='word_1_16' title='bbox 556 1803 672 1855; x_wconf 78' lang='lat' dir='ltr'><strong>ettoTtt</strong></span> <span class='ocrx_word' id='word_1_17' title='bbox 689 1801 1103 1857; x_wconf 67' lang='lat' dir='ltr'><strong>oonsmttrmot’omnam.</strong></span> 
     </span>
    </p>
   </div>
   <div class='ocr_carea' id='block_1_4' title="bbox 211 2195 1308 2427">
    <p class='ocr_par' dir='ltr' id='par_1_4' title="bbox 211 2195 1388 2433">
     <span class='ocr_line' id='line_1_6' title="bbox 211 2195 1307 2321; baseline 0.001 -23"><span class='ocrx_word' id='word_1_18' title='bbox 211 2195 473 2321; x_wconf 82' lang='lat' dir='ltr'><strong>Theophylactus</strong></span> <span class='ocrx_word' id='word_1_19' title='bbox 500 2233 663 2301; x_wconf 89' lang='lat' dir='ltr'><strong>Simocatta</strong></span> <span class='ocrx_word' id='word_1_20' title='bbox 685 2237 750 2317; x_wconf 87' lang='lat' dir='ltr'><strong>(sic</strong></span> <span class='ocrx_word' id='word_1_21' title='bbox 773 2237 857 2300; x_wconf 89' lang='lat' dir='ltr'><strong>enim</strong></span> <span class='ocrx_word' id='word_1_22' title='bbox 870 2237 970 2299; x_wconf 83' lang='lat' dir='ltr'><strong>·malo</strong></span> <span class='ocrx_word' id='word_1_23' title='bbox 991 2257 1083 2321; x_wconf 87' lang='lat' dir='ltr'><strong>quam</strong></span> <span class='ocrx_word' id='word_1_24' title='bbox 1102 2235 1307 2315; x_wconf 78' lang='lat' dir='ltr'><strong>simocattus3</strong></span> 
     </span>
     <span class='ocr_line' id='line_1_7' title="bbox 211 2333 1308 2427; baseline 0.003 -30"><span class='ocrx_word' id='word_1_25' title='bbox 211 2335 302 2422; x_wconf 81' lang='lat' dir='ltr'><strong>idque</strong></span> <span class='ocrx_word' id='word_1_26' title='bbox 317 2360 387 2402; x_wconf 89' lang='lat' dir='ltr'><strong>cnm</strong></span> <span class='ocrx_word' id='word_1_27' title='bbox 400 2337 510 2418; x_wconf 90' lang='lat' dir='ltr'><strong>Suida,</strong></span> <span class='ocrx_word' id='word_1_28' title='bbox 536 2341 616 2426; x_wconf 83' lang='lat' dir='ltr'><strong>apud</strong></span> <span class='ocrx_word' id='word_1_29' title='bbox 629 2363 721 2427; x_wconf 90' lang='lat' dir='ltr'><strong>quem</strong></span> <span class='ocrx_word' id='word_1_30' title='bbox 738 2352 785 2404; x_wconf 87' lang='lat' dir='ltr'><strong>est</strong></span> <span class='ocrx_word' id='word_1_31' title='bbox 800 2333 1014 2421; x_wconf 77' lang='grc' dir='ltr'><strong>Σιμοκάττης)</strong></span> <span class='ocrx_word' id='word_1_32' title='bbox 1037 2340 1069 2402; x_wconf 93' lang='lat' dir='ltr'><strong>in</strong></span> <span class='ocrx_word' id='word_1_33' title='bbox 1085 2340 1223 2426; x_wconf 82' lang='lat' dir='ltr'><strong>Aegypto</strong></span> <span class='ocrx_word' id='word_1_34' title='bbox 1248 2361 1308 2402; x_wconf 88' lang='lat' dir='ltr'><strong>na·</strong></span> 
     </span>
    </p>
   </div>
   <div class='ocr_carea' id='block_1_5' title="bbox 209 2441 1309 3043">
    <p class='ocr_par' dir='ltr' id='par_1_5' title="bbox 209 2441 1309 3043">
     <span class='ocr_line' id='line_1_8' title="bbox 211 2441 1308 2528; baseline 0.001 -28"><span class='ocrx_word' id='word_1_35' title='bbox 211 2449 260 2500; x_wconf 90' lang='lat' dir='ltr'><strong>tus</strong></span> <span class='ocrx_word' id='word_1_36' title='bbox 282 2451 347 2518; x_wconf 83' lang='lat' dir='ltr'><strong>cst,</strong></span> <span class='ocrx_word' id='word_1_37' title='bbox 369 2452 403 2500; x_wconf 92' lang='lat' dir='ltr'><strong>ut</strong></span> <span class='ocrx_word' id='word_1_38' title='bbox 417 2441 484 2525; x_wconf 89' lang='lat' dir='ltr'><strong>ipse</strong></span> <span class='ocrx_word' id='word_1_39' title='bbox 499 2441 613 2526; x_wconf 89' lang='lat' dir='ltr'><strong>liquido</strong></span> <span class='ocrx_word' id='word_1_40' title='bbox 632 2444 744 2506; x_wconf 86' lang='lat' dir='ltr'><strong>indicat</strong></span> <span class='ocrx_word' id='word_1_41' title='bbox 756 2445 810 2506; x_wconf 91' lang='lat' dir='ltr'><strong>lib.</strong></span> <span class='ocrx_word' id='word_1_42' title='bbox 823 2448 843 2506; x_wconf 86' lang='lat'>7</span> <span class='ocrx_word' id='word_1_43' title='bbox 858 2465 923 2528; x_wconf 89' lang='lat' dir='ltr'><strong>cap.</strong></span> <span class='ocrx_word' id='word_1_44' title='bbox 941 2445 979 2505; x_wconf 84' lang='lat'><strong>16</strong></span> <span class='ocrx_word' id='word_1_45' title='bbox 998 2454 1152 2521; x_wconf 77' lang='lat' dir='ltr'><strong>extremo,</strong></span> <span class='ocrx_word' id='word_1_46' title='bbox 1175 2463 1247 2503; x_wconf 91' lang='lat' dir='ltr'><strong>cum</strong></span> <span class='ocrx_word' id='word_1_47' title='bbox 1267 2442 1308 2502; x_wconf 89' lang='lat' dir='ltr'><strong>de</strong></span> 
     </span>
     <span class='ocr_line' id='line_1_9' title="bbox 209 2539 1309 2628; baseline 0.001 -24"><span class='ocrx_word' id='word_1_48' title='bbox 209 2540 343 2605; x_wconf 89' lang='lat' dir='ltr'><strong>lluminis</strong></span> <span class='ocrx_word' id='word_1_49' title='bbox 352 2539 416 2604; x_wconf 88' lang='lat' dir='ltr'><strong>Nili</strong></span> <span class='ocrx_word' id='word_1_50' title='bbox 429 2544 614 2606; x_wconf 85' lang='lat' dir='ltr'><strong>incremento</strong></span> <span class='ocrx_word' id='word_1_51' title='bbox 628 2557 657 2606; x_wconf 87' lang='lat' dir='ltr'><strong>et</strong></span> <span class='ocrx_word' id='word_1_52' title='bbox 671 2546 866 2607; x_wconf 89' lang='lat' dir='ltr'><strong>inundatione</strong></span> <span class='ocrx_word' id='word_1_53' title='bbox 881 2546 1115 2628; x_wconf 83' lang='lat' dir='ltr'><strong>disputationem</strong></span> <span class='ocrx_word' id='word_1_54' title='bbox 1130 2544 1309 2622; x_wconf 88' lang='lat' dir='ltr'><strong>longiuscu-</strong></span> 
     </span>
     <span class='ocr_line' id='line_1_10' title="bbox 210 2645 1309 2733; baseline 0.002 -27"><span class='ocrx_word' id='word_1_55' title='bbox 210 2646 273 2708; x_wconf 93' lang='lat' dir='ltr'><strong>lam</strong></span> <span class='ocrx_word' id='word_1_56' title='bbox 296 2655 400 2708; x_wconf 84' lang='lat' dir='ltr'><strong>texere</strong></span> <span class='ocrx_word' id='word_1_57' title='bbox 423 2645 539 2733; x_wconf 79' lang='lat' dir='ltr'><strong>incipit.</strong></span> <span class='ocrx_word' id='word_1_58' title='bbox 590 2659 678 2711; x_wconf 87' lang='lat' dir='ltr'><strong>natus</strong></span> <span class='ocrx_word' id='word_1_59' title='bbox 704 2658 752 2709; x_wconf 88' lang='lat' dir='ltr'><strong>est</strong></span> <span class='ocrx_word' id='word_1_60' title='bbox 782 2659 884 2708; x_wconf 89' lang='lat' dir='ltr'><strong>autem</strong></span> <span class='ocrx_word' id='word_1_61' title='bbox 907 2647 975 2707; x_wconf 92' lang='lat' dir='ltr'><strong>loco</strong></span> <span class='ocrx_word' id='word_1_62' title='bbox 1002 2667 1064 2706; x_wconf 90' lang='lat' dir='ltr'><strong>non</strong></span> <span class='ocrx_word' id='word_1_63' title='bbox 1091 2645 1238 2726; x_wconf 82' lang='lat' dir='ltr'><strong>ignobili,</strong></span> <span class='ocrx_word' id='word_1_64' title='bbox 1275 2657 1309 2708; x_wconf 89' lang='lat' dir='ltr'><strong>ut</strong></span> 
     </span>
     <span class='ocr_line' id='line_1_11' title="bbox 211 2748 1308 2836; baseline 0.002 -28"><span class='ocrx_word' id='word_1_65' title='bbox 211 2748 412 2811; x_wconf 88' lang='lat' dir='ltr'><strong>coniecturam</strong></span> <span class='ocrx_word' id='word_1_66' title='bbox 423 2750 559 2829; x_wconf 83' lang='lat' dir='ltr'><strong>facimus,</strong></span> <span class='ocrx_word' id='word_1_67' title='bbox 585 2749 827 2836; x_wconf 90' lang='lat' dir='ltr'><strong>quandoquidem</strong></span> <span class='ocrx_word' id='word_1_68' title='bbox 840 2750 963 2814; x_wconf 82' lang='lat' dir='ltr'><strong>Petrum</strong></span> <span class='ocrx_word' id='word_1_69' title='bbox 979 2748 1107 2834; x_wconf 76' lang='lat' dir='ltr'><strong>Aegypti</strong></span> <span class='ocrx_word' id='word_1_70' title='bbox 1120 2752 1308 2835; x_wconf 83' lang='lat' dir='ltr'><strong>praelectum</strong></span> 
     </span>
     <span class='ocr_line' id='line_1_12' title="bbox 213 2850 1307 2934; baseline 0 -21"><span class='ocrx_word' id='word_1_71' title='bbox 213 2873 247 2914; x_wconf 84' lang='lat' dir='ltr'><strong>se</strong></span> <span class='ocrx_word' id='word_1_72' title='bbox 265 2852 444 2932; x_wconf 70' lang='lat' dir='ltr'><strong>cognatione</strong></span> <span class='ocrx_word' id='word_1_73' title='bbox 459 2854 603 2934; x_wconf 86' lang='lat' dir='ltr'><strong>attingere</strong></span> <span class='ocrx_word' id='word_1_74' title='bbox 619 2856 765 2932; x_wconf 85' lang='lat' dir='ltr'><strong>affirmat,</strong></span> <span class='ocrx_word' id='word_1_75' title='bbox 791 2855 845 2917; x_wconf 93' lang='lat' dir='ltr'><strong>lib.</strong></span> <span class='ocrx_word' id='word_1_76' title='bbox 860 2856 890 2933; x_wconf 89' lang='lat'><strong>8,</strong></span> <span class='ocrx_word' id='word_1_77' title='bbox 912 2853 963 2914; x_wconf 90' lang='lat' dir='ltr'><strong>ubi</strong></span> <span class='ocrx_word' id='word_1_78' title='bbox 982 2850 1122 2914; x_wconf 83' lang='lat' dir='ltr'><strong>Mauricii</strong></span> <span class='ocrx_word' id='word_1_79' title='bbox 1141 2852 1307 2915; x_wconf 89' lang='lat' dir='ltr'><strong>miserabi-</strong></span> 
     </span>
     <span class='ocr_line' id='line_1_13' title="bbox 210 2941 1308 3043; baseline 0.003 -29"><span class='ocrx_word' id='word_1_80' title='bbox 210 2954 273 3016; x_wconf 88' lang='lat' dir='ltr'><strong>lem</strong></span> <span class='ocrx_word' id='word_1_81' title='bbox 299 2941 453 3016; x_wconf 84' lang='lat' dir='ltr'><strong>interitum</strong></span> <span class='ocrx_word' id='word_1_82' title='bbox 481 2957 608 3042; x_wconf 85' lang='lat' dir='ltr'><strong>exponit</strong></span> <span class='ocrx_word' id='word_1_83' title='bbox 635 2977 670 3017; x_wconf 90' lang='lat' dir='ltr'><strong>ac</strong></span> <span class='ocrx_word' id='word_1_84' title='bbox 695 2955 853 3043; x_wconf 81' lang='lat' dir='ltr'><strong>deplorat3</strong></span> <span class='ocrx_word' id='word_1_85' title='bbox 887 2956 1004 3042; x_wconf 85' lang='lat' dir='ltr'><strong>etipse</strong></span> <span class='ocrx_word' id='word_1_86' title='bbox 1027 2977 1146 3041; x_wconf 91' lang='lat' dir='ltr'><strong>quoque</strong></span> <span class='ocrx_word' id='word_1_87' title='bbox 1169 2956 1308 3017; x_wconf 88' lang='lat' dir='ltr'><strong>honores</strong></span> 
     </span>
    </p>
   </div>
   <div class='ocr_carea' id='block_1_6' title="bbox 211 3046 1388 3142">
    <p class='ocr_par' dir='ltr' id='par_1_6' title="bbox 211 3046 1388 3142">
     <span class='ocr_line' id='line_1_14' title="bbox 211 3046 1388 3142; baseline 0.001 -24"><span class='ocrx_word' id='word_1_88' title='bbox 211 3056 319 3137; x_wconf 79' lang='lat' dir='ltr'><strong>gessit,</strong></span> <span class='ocrx_word' id='word_1_89' title='bbox 346 3056 428 3142; x_wconf 92' lang='lat' dir='ltr'><strong>qnod</strong></span> <span class='ocrx_word' id='word_1_90' title='bbox 448 3059 552 3121; x_wconf 80' lang='lat' dir='ltr'><strong>statim</strong></span> <span class='ocrx_word' id='word_1_91' title='bbox 574 3058 758 3121; x_wconf 88' lang='lat' dir='ltr'><strong>docebimus.</strong></span> <span class='ocrx_word' id='word_1_92' title='bbox 810 3061 893 3142; x_wconf 91' lang='lat' dir='ltr'><strong>atqui</strong></span> <span class='ocrx_word' id='word_1_93' title='bbox 917 3060 1028 3120; x_wconf 83' lang='lat' dir='ltr'><strong>scimus</strong></span> <span class='ocrx_word' id='word_1_94' title='bbox 1051 3057 1190 3136; x_wconf 90' lang='lat' dir='ltr'><strong>regendis</strong></span> <span class='ocrx_word' id='word_1_95' title='bbox 1212 3077 1307 3141; x_wconf 87' lang='lat' dir='ltr'><strong>prae·</strong></span> <span class='ocrx_word' id='word_1_96' title='bbox 1386 3046 1388 3053; x_wconf 15' lang='grc' dir='ltr'><em>Α</em></span> 
     </span>
    </p>
   </div>
   <div class='ocr_carea' id='block_1_7' title="bbox 210 3159 1307 3555">
    <p class='ocr_par' dir='ltr' id='par_1_7' title="bbox 210 3159 1307 3555">
     <span class='ocr_line' id='line_1_15' title="bbox 211 3159 1307 3247; baseline -0.003 -25"><span class='ocrx_word' id='word_1_97' title='bbox 211 3159 315 3224; x_wconf 87' lang='lat' dir='ltr'><strong>sertim</strong></span> <span class='ocrx_word' id='word_1_98' title='bbox 328 3160 508 3247; x_wconf 88' lang='lat' dir='ltr'><strong>provinciis,</strong></span> <span class='ocrx_word' id='word_1_99' title='bbox 535 3173 566 3223; x_wconf 91' lang='lat' dir='ltr'><strong>ut</strong></span> <span class='ocrx_word' id='word_1_100' title='bbox 581 3184 644 3224; x_wconf 90' lang='lat' dir='ltr'><strong>non</strong></span> <span class='ocrx_word' id='word_1_101' title='bbox 658 3159 864 3247; x_wconf 69' lang='lat' dir='ltr'><strong>imprudentes</strong></span> <span class='ocrx_word' id='word_1_102' title='bbox 875 3160 975 3238; x_wconf 89' lang='lat' dir='ltr'><strong>viros,</strong></span> <span class='ocrx_word' id='word_1_103' title='bbox 1001 3159 1043 3219; x_wconf 86' lang='lat' dir='ltr'><strong>sie</strong></span> <span class='ocrx_word' id='word_1_104' title='bbox 1056 3159 1149 3220; x_wconf 89' lang='lat' dir='ltr'><strong>etiam</strong></span> <span class='ocrx_word' id='word_1_105' title='bbox 1163 3179 1225 3222; x_wconf 88' lang='lat' dir='ltr'><strong>uon</strong></span> <span class='ocrx_word' id='word_1_106' title='bbox 1244 3161 1307 3219; x_wconf 92' lang='lat' dir='ltr'><strong>hu-</strong></span> 
     </span>
     <span class='ocr_line' id='line_1_16' title="bbox 210 3261 1307 3353; baseline -0.002 -29"><span class='ocrx_word' id='word_1_107' title='bbox 210 3263 300 3326; x_wconf 86' lang='lat' dir='ltr'><strong>miles</strong></span> <span class='ocrx_word' id='word_1_108' title='bbox 314 3283 348 3325; x_wconf 90' lang='lat' dir='ltr'><strong>ac</strong></span> <span class='ocrx_word' id='word_1_109' title='bbox 362 3265 500 3349; x_wconf 84' lang='lat' dir='ltr'><strong>plebeios</strong></span> <span class='ocrx_word' id='word_1_110' title='bbox 514 3265 660 3353; x_wconf 83' lang='lat' dir='ltr'><strong>praeponi</strong></span> <span class='ocrx_word' id='word_1_111' title='bbox 675 3267 783 3326; x_wconf 90' lang='lat' dir='ltr'><strong>solere.</strong></span> <span class='ocrx_word' id='word_1_112' title='bbox 834 3285 874 3324; x_wconf 86' lang='lat' dir='ltr'><strong>ex</strong></span> <span class='ocrx_word' id='word_1_113' title='bbox 887 3261 1023 3340; x_wconf 84' lang='lat' dir='ltr'><strong>dialogo,</strong></span> <span class='ocrx_word' id='word_1_114' title='bbox 1050 3282 1142 3345; x_wconf 83' lang='lat' dir='ltr'><strong>quern</strong></span> <span class='ocrx_word' id='word_1_115' title='bbox 1157 3261 1307 3322; x_wconf 75' lang='lat' dir='ltr'><strong>historiae</strong></span> 
     </span>
     <span class='ocr_line' id='line_1_17' title="bbox 211 3362 1306 3452; baseline -0.005 -22"><span class='ocrx_word' id='word_1_116' title='bbox 211 3388 283 3430; x_wconf 87' lang='lat' dir='ltr'><strong>suae</strong></span> <span class='ocrx_word' id='word_1_117' title='bbox 312 3368 464 3452; x_wconf 87' lang='lat' dir='ltr'><strong>praefigit,</strong></span> <span class='ocrx_word' id='word_1_118' title='bbox 492 3368 601 3434; x_wconf 84' lang='lat' dir='ltr'><strong>adultis</strong></span> <span class='ocrx_word' id='word_1_119' title='bbox 628 3366 765 3430; x_wconf 85' lang='lat' dir='ltr'><strong>lllanricii</strong></span> <span class='ocrx_word' id='word_1_120' title='bbox 795 3367 979 3451; x_wconf 86' lang='lat' dir='ltr'><strong>temporibus</strong></span> <span class='ocrx_word' id='word_1_121' title='bbox 1004 3364 1038 3424; x_wconf 92' lang='lat' dir='ltr'><strong>in</strong></span> <span class='ocrx_word' id='word_1_122' title='bbox 1058 3367 1158 3426; x_wconf 93' lang='lat' dir='ltr'><strong>lucem</strong></span> <span class='ocrx_word' id='word_1_123' title='bbox 1185 3362 1306 3426; x_wconf 83' lang='lat' dir='ltr'><strong>editum</strong></span> 
     </span>
     <span class='ocr_line' id='line_1_18' title="bbox 211 3468 1307 3555; baseline -0.005 -23"><span class='ocrx_word' id='word_1_124' title='bbox 211 3468 361 3555; x_wconf 81' lang='lat' dir='ltr'><strong>suspicor3</strong></span> <span class='ocrx_word' id='word_1_125' title='bbox 397 3483 427 3533; x_wconf 87' lang='lat' dir='ltr'><strong>et</strong></span> <span class='ocrx_word' id='word_1_126' title='bbox 448 3471 480 3533; x_wconf 89' lang='lat' dir='ltr'><strong>id</strong></span> <span class='ocrx_word' id='word_1_127' title='bbox 503 3475 598 3536; x_wconf 92' lang='lat' dir='ltr'><strong>multo</strong></span> <span class='ocrx_word' id='word_1_128' title='bbox 617 3471 714 3551; x_wconf 89' lang='lat' dir='ltr'><strong>magis</strong></span> <span class='ocrx_word' id='word_1_129' title='bbox 736 3491 776 3531; x_wconf 89' lang='lat' dir='ltr'><strong>ex</strong></span> <span class='ocrx_word' id='word_1_130' title='bbox 797 3489 864 3554; x_wconf 78' lang='lat' dir='ltr'><strong>cap.</strong></span> <span class='ocrx_word' id='word_1_131' title='bbox 883 3473 920 3531; x_wconf 89' lang='grc'><strong>17</strong></span> <span class='ocrx_word' id='word_1_132' title='bbox 933 3469 986 3530; x_wconf 88' lang='lat' dir='ltr'><strong>lib.</strong></span> <span class='ocrx_word' id='word_1_133' title='bbox 1001 3471 1021 3530; x_wconf 84' lang='lat'>2</span> <span class='ocrx_word' id='word_1_134' title='bbox 1037 3469 1167 3549; x_wconf 88' lang='lat' dir='ltr'><strong>colligo,</strong></span> <span class='ocrx_word' id='word_1_135' title='bbox 1192 3468 1250 3528; x_wconf 91' lang='lat' dir='ltr'><strong>obi</strong></span> <span class='ocrx_word' id='word_1_136' title='bbox 1272 3489 1307 3528; x_wconf 89' lang='lat' dir='ltr'><strong>se</strong></span> 
     </span>
    </p>
   </div>
   <div class='ocr_carea' id='block_1_8' title="bbox 210 3569 1388 3866">
    <p class='ocr_par' dir='ltr' id='par_1_8' title="bbox 210 3569 1388 3866">
     <span class='ocr_line' id='line_1_19' title="bbox 211 3569 1388 3656; baseline -0.003 -22"><span class='ocrx_word' id='word_1_137' title='bbox 211 3569 249 3634; x_wconf 90' lang='lat' dir='ltr'><strong>de</strong></span> <span class='ocrx_word' id='word_1_138' title='bbox 274 3573 354 3635; x_wconf 90' lang='lat' dir='ltr'><strong>illins</strong></span> <span class='ocrx_word' id='word_1_139' title='bbox 375 3577 465 3637; x_wconf 86' lang='lat' dir='ltr'><strong>rebus</strong></span> <span class='ocrx_word' id='word_1_140' title='bbox 479 3574 611 3641; x_wconf 83' lang='lat' dir='ltr'><strong>audiisse</strong></span> <span class='ocrx_word' id='word_1_141' title='bbox 625 3596 644 3635; x_wconf 90' lang='lat' dir='ltr'><strong>a</strong></span> <span class='ocrx_word' id='word_1_142' title='bbox 659 3574 781 3636; x_wconf 88' lang='lat' dir='ltr'><strong>senibus</strong></span> <span class='ocrx_word' id='word_1_143' title='bbox 796 3585 913 3651; x_wconf 89' lang='lat' dir='ltr'><strong>narrat,</strong></span> <span class='ocrx_word' id='word_1_144' title='bbox 939 3572 1008 3656; x_wconf 84' lang='lat' dir='ltr'><strong>quia</strong></span> <span class='ocrx_word' id='word_1_145' title='bbox 1023 3570 1135 3632; x_wconf 86' lang='lat' dir='ltr'><strong>scilicet</strong></span> <span class='ocrx_word' id='word_1_146' title='bbox 1152 3570 1306 3655; x_wconf 88' lang='lat' dir='ltr'><strong>puerilem</strong></span> <span class='ocrx_word' id='word_1_147' title='bbox 1387 3642 1388 3645; x_wconf 7' lang='grc' dir='ltr'><strong>Ἴ</strong></span> 
     </span>
     <span class='ocr_line' id='line_1_20' title="bbox 210 3673 1388 3765; baseline -0.003 -27"><span class='ocrx_word' id='word_1_148' title='bbox 210 3689 276 3738; x_wconf 90' lang='lat' dir='ltr'><strong>tum</strong></span> <span class='ocrx_word' id='word_1_149' title='bbox 294 3688 423 3738; x_wconf 88' lang='lat' dir='ltr'><strong>aetatem</strong></span> <span class='ocrx_word' id='word_1_150' title='bbox 444 3680 562 3758; x_wconf 81' lang='lat' dir='ltr'><strong>agebat.</strong></span> <span class='ocrx_word' id='word_1_151' title='bbox 613 3682 668 3741; x_wconf 91' lang='lat' dir='ltr'><strong>sub</strong></span> <span class='ocrx_word' id='word_1_152' title='bbox 692 3677 849 3755; x_wconf 90' lang='lat' dir='ltr'><strong>Heraclio,</strong></span> <span class='ocrx_word' id='word_1_153' title='bbox 874 3675 925 3760; x_wconf 89' lang='lat' dir='ltr'><strong>qui</strong></span> <span class='ocrx_word' id='word_1_154' title='bbox 944 3673 1046 3735; x_wconf 90' lang='lat' dir='ltr'><strong>Phoca</strong></span> <span class='ocrx_word' id='word_1_155' title='bbox 1068 3675 1224 3735; x_wconf 73' lang='lat' dir='ltr'><strong>interiecto</strong></span> <span class='ocrx_word' id='word_1_156' title='bbox 1240 3676 1306 3734; x_wconf 87' lang='lat' dir='ltr'><strong>im·</strong></span> <span class='ocrx_word' id='word_1_157' title='bbox 1387 3708 1388 3765; x_wconf 48' lang='lat' dir='ltr'><strong>p</strong></span> 
     </span>
     <span class='ocr_line' id='line_1_21' title="bbox 211 3773 1388 3866; baseline -0.004 -25"><span class='ocrx_word' id='word_1_158' title='bbox 211 3778 328 3865; x_wconf 88' lang='lat' dir='ltr'><strong>perium</strong></span> <span class='ocrx_word' id='word_1_159' title='bbox 340 3800 418 3866; x_wconf 90' lang='lat' dir='ltr'><strong>pene</strong></span> <span class='ocrx_word' id='word_1_160' title='bbox 430 3781 550 3860; x_wconf 88' lang='lat' dir='ltr'><strong>triginta</strong></span> <span class='ocrx_word' id='word_1_161' title='bbox 572 3781 659 3842; x_wconf 90' lang='lat' dir='ltr'><strong>annis</strong></span> <span class='ocrx_word' id='word_1_162' title='bbox 677 3782 774 3842; x_wconf 86' lang='lat' dir='ltr'><strong>tenuit</strong></span> <span class='ocrx_word' id='word_1_163' title='bbox 799 3780 850 3858; x_wconf 86' lang='lat' dir='ltr'><strong>(ab</strong></span> <span class='ocrx_word' id='word_1_164' title='bbox 866 3799 946 3839; x_wconf 90' lang='lat' dir='ltr'><strong>anno</strong></span> <span class='ocrx_word' id='word_1_165' title='bbox 963 3776 1074 3840; x_wconf 87' lang='lat' dir='ltr'><strong>Christi</strong></span> <span class='ocrx_word' id='word_1_166' title='bbox 1094 3779 1155 3839; x_wconf 82' lang='lat'><strong>612</strong></span> <span class='ocrx_word' id='word_1_167' title='bbox 1177 3774 1216 3834; x_wconf 91' lang='lat' dir='ltr'><strong>ad</strong></span> <span class='ocrx_word' id='word_1_168' title='bbox 1237 3773 1305 3836; x_wconf 83' lang='lat'><strong>640</strong></span> <span class='ocrx_word' id='word_1_169' title='bbox 1387 3790 1388 3857; x_wconf 47' lang='grc' dir='ltr'>ᾗ</span> 
     </span>
    </p>
   </div>
   <div class='ocr_carea' id='block_1_9' title="bbox 211 3877 1305 3968">
    <p class='ocr_par' dir='ltr' id='par_1_9' title="bbox 211 3877 1305 3968">
     <span class='ocr_line' id='line_1_22' title="bbox 211 3877 1305 3968; baseline -0.005 -23"><span class='ocrx_word' id='word_1_170' title='bbox 211 3883 354 3967; x_wconf 88' lang='lat' dir='ltr'><strong>scilicet),</strong></span> <span class='ocrx_word' id='word_1_171' title='bbox 376 3895 406 3946; x_wconf 93' lang='lat' dir='ltr'><strong>et</strong></span> <span class='ocrx_word' id='word_1_172' title='bbox 419 3882 526 3964; x_wconf 90' lang='lat' dir='ltr'><strong>Sergio</strong></span> <span class='ocrx_word' id='word_1_173' title='bbox 545 3884 709 3968; x_wconf 86' lang='lat' dir='ltr'><strong>patriarcha</strong></span> <span class='ocrx_word' id='word_1_174' title='bbox 725 3880 1054 3967; x_wconf 88' lang='lat' dir='ltr'><strong>Constantinopolitano</strong></span> <span class='ocrx_word' id='word_1_175' title='bbox 1073 3890 1149 3942; x_wconf 75' lang='lat' dir='ltr'><strong>eumv</strong></span> <span class='ocrx_word' id='word_1_176' title='bbox 1161 3877 1305 3940; x_wconf 87' lang='lat' dir='ltr'><strong>floruisse</strong></span> 
     </span>
    </p>
   </div>
   <div class='ocr_carea' id='block_1_10' title="bbox 210 3983 1303 4073">
    <p class='ocr_par' dir='ltr' id='par_1_10' title="bbox 210 3983 1388 4073">
     <span class='ocr_line' id='line_1_23' title="bbox 210 3983 1303 4073; baseline -0.003 -28"><span class='ocrx_word' id='word_1_177' title='bbox 210 3985 426 4073; x_wconf 85' lang='lat' dir='ltr'><strong>historiamque</strong></span> <span class='ocrx_word' id='word_1_178' title='bbox 446 3988 537 4048; x_wconf 89' lang='lat' dir='ltr'><strong>istam</strong></span> <span class='ocrx_word' id='word_1_179' title='bbox 561 3986 791 4070; x_wconf 81' lang='lat' dir='ltr'><strong>conscripsisse,</strong></span> <span class='ocrx_word' id='word_1_180' title='bbox 817 4007 858 4047; x_wconf 84' lang='lat' dir='ltr'><strong>ex</strong></span> <span class='ocrx_word' id='word_1_181' title='bbox 881 3983 991 4046; x_wconf 90' lang='lat' dir='ltr'><strong>eodem</strong></span> <span class='ocrx_word' id='word_1_182' title='bbox 1007 3985 1126 4062; x_wconf 90' lang='lat' dir='ltr'><strong>dialogo</strong></span> <span class='ocrx_word' id='word_1_183' title='bbox 1139 3992 1219 4043; x_wconf 88' lang='lat' dir='ltr'><strong>certo</strong></span> <span class='ocrx_word' id='word_1_184' title='bbox 1234 4004 1303 4042; x_wconf 83' lang='lat' dir='ltr'><strong>oer-</strong></span> 
     </span>
    </p>
   </div>
   <div class='ocr_carea' id='block_1_11' title="bbox 190 4082 1302 4384">
    <p class='ocr_par' dir='ltr' id='par_1_11' title="bbox 190 4082 1302 4384">
     <span class='ocr_line' id='line_1_24' title="bbox 211 4082 1302 4174; baseline -0.004 -26"><span class='ocrx_word' id='word_1_185' title='bbox 211 4088 272 4151; x_wconf 87' lang='lat' dir='ltr'><strong>tius</strong></span> <span class='ocrx_word' id='word_1_186' title='bbox 300 4102 432 4170; x_wconf 88' lang='lat' dir='ltr'><strong>constat,</strong></span> <span class='ocrx_word' id='word_1_187' title='bbox 460 4091 655 4174; x_wconf 85' lang='lat' dir='ltr'><strong>similiterque</strong></span> <span class='ocrx_word' id='word_1_188' title='bbox 677 4110 718 4149; x_wconf 86' lang='lat' dir='ltr'><strong>ex</strong></span> <span class='ocrx_word' id='word_1_189' title='bbox 740 4109 805 4172; x_wconf 86' lang='lat' dir='ltr'><strong>cap.</strong></span> <span class='ocrx_word' id='word_1_190' title='bbox 832 4091 870 4150; x_wconf 75' lang='lat'><strong>12</strong></span> <span class='ocrx_word' id='word_1_191' title='bbox 896 4087 949 4155; x_wconf 88' lang='lat' dir='ltr'><strong>lib.</strong></span> <span class='ocrx_word' id='word_1_192' title='bbox 965 4090 995 4166; x_wconf 89' lang='lat'><strong>8,</strong></span> <span class='ocrx_word' id='word_1_193' title='bbox 1016 4087 1067 4148; x_wconf 89' lang='lat' dir='ltr'><strong>ubi</strong></span> <span class='ocrx_word' id='word_1_194' title='bbox 1082 4107 1132 4162; x_wconf 89' lang='lat' dir='ltr'><strong>se,</strong></span> <span class='ocrx_word' id='word_1_195' title='bbox 1157 4082 1262 4145; x_wconf 86' lang='lat' dir='ltr'><strong>Phoca</strong></span> <span class='ocrx_word' id='word_1_196' title='bbox 1284 4105 1302 4144; x_wconf 89' lang='lat' dir='ltr'><strong>e</strong></span> 
     </span>
     <span class='ocr_line' id='line_1_25' title="bbox 210 4186 1301 4280; baseline -0.008 -25"><span class='ocrx_word' id='word_1_197' title='bbox 210 4191 312 4255; x_wconf 90' lang='lat' dir='ltr'><strong>medio</strong></span> <span class='ocrx_word' id='word_1_198' title='bbox 328 4196 462 4273; x_wconf 88' lang='lat' dir='ltr'><strong>sublato,</strong></span> <span class='ocrx_word' id='word_1_199' title='bbox 490 4193 597 4280; x_wconf 89' lang='lat' dir='ltr'><strong>scripta</strong></span> <span class='ocrx_word' id='word_1_200' title='bbox 611 4213 627 4253; x_wconf 88' lang='lat' dir='ltr'><strong>a</strong></span> <span class='ocrx_word' id='word_1_201' title='bbox 647 4213 681 4253; x_wconf 90' lang='lat' dir='ltr'><strong>se</strong></span> <span class='ocrx_word' id='word_1_202' title='bbox 694 4189 732 4253; x_wconf 92' lang='lat' dir='ltr'><strong>de</strong></span> <span class='ocrx_word' id='word_1_203' title='bbox 744 4189 880 4252; x_wconf 87' lang='lat' dir='ltr'><strong>Mauricii</strong></span> <span class='ocrx_word' id='word_1_204' title='bbox 896 4212 969 4252; x_wconf 86' lang='lat' dir='ltr'><strong>neco</strong></span> <span class='ocrx_word' id='word_1_205' title='bbox 982 4190 1095 4275; x_wconf 93' lang='lat' dir='ltr'><strong>populo</strong></span> <span class='ocrx_word' id='word_1_206' title='bbox 1112 4209 1129 4248; x_wconf 95' lang='lat' dir='ltr'><strong>e</strong></span> <span class='ocrx_word' id='word_1_207' title='bbox 1145 4186 1301 4270; x_wconf 86' lang='lat' dir='ltr'><strong>superiore</strong></span> 
     </span>
     <span class='ocr_line' id='line_1_26' title="bbox 190 4288 1302 4384; baseline -0.007 -26"><span class='ocrx_word' id='word_1_208' title='bbox 190 4291 192 4296; x_wconf 66' lang='grc'>’</span> <span class='ocrx_word' id='word_1_209' title='bbox 211 4299 278 4361; x_wconf 91' lang='lat' dir='ltr'><strong>loco</strong></span> <span class='ocrx_word' id='word_1_210' title='bbox 294 4295 434 4359; x_wconf 88' lang='lat' dir='ltr'><strong>recitasse</strong></span> <span class='ocrx_word' id='word_1_211' title='bbox 448 4319 576 4384; x_wconf 87' lang='lat' dir='ltr'><strong>eumque</strong></span> <span class='ocrx_word' id='word_1_212' title='bbox 588 4295 626 4358; x_wconf 89' lang='lat' dir='ltr'><strong>ad</strong></span> <span class='ocrx_word' id='word_1_213' title='bbox 641 4295 779 4358; x_wconf 88' lang='lat' dir='ltr'><strong>lacrimas</strong></span> <span class='ocrx_word' id='word_1_214' title='bbox 792 4292 997 4358; x_wconf 80' lang='lat' dir='ltr'><strong>commovisse</strong></span> <span class='ocrx_word' id='word_1_215' title='bbox 1019 4301 1126 4354; x_wconf 90' lang='lat' dir='ltr'><strong>narrat.</strong></span> <span class='ocrx_word' id='word_1_216' title='bbox 1173 4288 1302 4358; x_wconf 88' lang='lat' dir='ltr'><strong>Photius</strong></span> 
     </span>
    </p>
   </div>
   <div class='ocr_carea' id='block_1_12' title="bbox 0 0 1414 4742">
    <p class='ocr_par' dir='ltr' id='par_1_12' title="bbox 0 0 1414 4742">
     <span class='ocr_line' id='line_1_27' title="bbox 0 0 1414 4742; baseline 0 0"><span class='ocrx_word' id='word_1_217' title='bbox 0 0 1414 4742; x_wconf 95' lang='lat' dir='ltr'><strong> </strong></span> 
     </span>
    </p>
   </div>
  </div>
 </body>
</html>
