2817 4742
389 304 683 374 HISTORIARUlll
705 305 763 374 lv.
793 306 851 377 16.
1089 304 1161 376 197

57 473 193 559 ε’ποίησε
214 470 359 571 δόναμιν,
392 472 549 563 δπάρσεως
568 478 796 542 καταδιαιτῶσα
818 477 1020 559 Χαλδαΐκῆς,
1052 474 1108 542 οὐκ
1128 476 1160 543 ἐν

56 580 157 669 τοίχιμ
177 577 250 646 ἀλλ’
265 580 297 645 lu
310 578 433 669 οὐρανῷ
445 581 501 665 την
514 576 733 667 προαγόρευσιν
742 574 920 666 γράφουσα.
972 579 1023 643 καὶ
1037 580 1160 663 διαιρεί-

57 704 111 745 ται
135 678 332 764 Βαβυλώνια
354 689 509 769 σκῆπτρα,
544 684 593 746 καί
616 678 766 769 δβριστδγς
786 680 1013 762 καταβάλλεται
1031 678 1159 767 θρόνος,

59 785 115 848 καὶ
124 782 280 871 πάροινος
293 787 430 865 βασιλεία
444 784 639 850 συστίλλεται
646 834 657 863 ,
685 788 736 849 καί
757 793 883 868 τιμᾶται
902 781 993 849 πάλιν
1005 783 1041 849 τό
1055 810 1162 849 ταπει-

34 883 218 969 5νούμενον
232 890 282 953 καλ
292 884 471 974 κρατύνεται
486 888 522 953 τδ
539 884 714 967 νικώμενον.
760 886 852 953 πάλιν
867 887 924 971 την
936 897 1059 971 στεῖραν
1073 884 1162 954 πόλιν

57 991 110 1053 διδ
136 991 200 1055 τόν
219 988 352 1073 πόλεμον
374 987 416 1065 ὡς
442 991 561 1076 μητίρα
588 989 631 1055 δι’
655 990 807 1056 εὐτεκνίαν
831 989 1069 1075 εὐφραινομίνην
1097 990 1162 1057 ἴστε

55 1088 260 1159 θεάσασθαι.
310 1094 417 1176 μηδείς
437 1092 624 1176 άμπεχίσθω
644 1100 699 1178 τῆς
717 1100 880 1176 βασιλικῆς
894 1090 1009 1176 ταύτης
1024 1087 1162 1179 πανηγό-

56 1217 136 1279 ρεως
161 1195 294 1273 ἀναξίαν
315 1194 446 1278 zorita.
497 1194 609 1271 πάντες
624 1202 662 1281 τῇ
680 1193 874 1281 καθαρότητι
887 1203 943 1260 τοῦ
958 1198 1030 1277 βιόυ
1044 1201 1159 1278 λευχει-
1178 1215 1200 1266 Ρ
1220 1218 1268 1270 115

55 1294 269 1381 protodoctorem,
282 1300 335 1363 i'ru
354 1298 399 1382 μὴ
422 1295 544 1375 ἀνάξιον
563 1304 618 1380 τῆς
638 1297 766 1380 εὐιοχίας
781 1306 820 1385 τῇ
840 1304 928 1384 ψυχῇ
945 1296 1161 1389 περιβαλόντες
1181 1341 1184 1345 1

20 1397 216 1482 1οστόλισμα
246 1399 363 1477 ὐνάξιοι
385 1407 529 1486 φανῶμεν
552 1407 609 1483 τῆς
630 1398 836 1483 μεταλήψεως
860 1404 911 1463 καλ
934 1399 975 1465 τά
996 1398 1160 1467 ἀκόλουθα

56 1509 300 1585 κατακριθῶμεν
319 1508 376 1585 τῆς
389 1501 586 1578 ἀποτεύξεως.
621 1504 804 1586 ίγκαινίζου,
830 1498 917 1578 πόλις
934 1499 1159 1587 ἀγαλλιάσεως·

54 1601 119 1686 ἣκει
132 1601 197 1691 γάρ
211 1629 269 1670 σου
284 1603 319 1669 τδ
334 1611 412 1690 φῶς,
432 1602 515 1689 καὶὴ
534 1602 609 1682 δόξα
625 1590 731 1690 κυρίου
747 1608 798 1669 inl
809 1630 843 1668 σε
856 1604 1050 1672 ὐνατίταλκε.
1083 1599 1158 1671 τάδε
1226 1644 1229 1647 ·

55 1732 109 1787 μοι
134 1708 215 1793 λε’γει
238 1707 274 1772 τδ
298 1714 418 1791 πνεῦμα
437 1710 472 1773 τό
493 1706 595 1791 όγιον,
622 1710 672 1769 καί
695 1707 752 1788 τὴν
773 1707 951 1791 ίπαγγελιίαν
968 1702 1155 1789 ἀσπάζομαι,

56 1812 107 1874 καὶ
126 1807 148 1891 ἦ
170 1820 228 1875 νῦν
243 1806 318 1894 ὐπδρ
332 1808 386 1892 τὴν
401 1809 553 1894 προτέραν
567 1806 761 1893 φαιδρότητα
775 1806 851 1885 δόξα
866 1808 1067 1891 καθέστηκεν.
1118 1810 1156 1874 οὐ

23 1910 114 1998 15γδρ
131 1910 256 1995 δήμους
269 1907 437 1997 μαρτύρων
454 1912 485 1976 ἓν
506 1920 571 1987 τοῖς
588 1910 766 1994 ἔμπροσθεν
783 1914 832 1976 καὶ
847 1911 1065 1997 πρεσβυτίροις
1079 1908 1157 1996 χρό-

56 2039 119 2089 νοις
140 2013 305 2097 ἔκίκτησο,
333 2020 437 2080 πᾶσαν
460 2012 600 2099 άτραπδν
620 2016 669 2078 καί
685 2009 842 2099 λεωφόρον
858 2021 920 2079 τῶν
936 2019 1000 2079 σῶν
1020 2011 1157 2098 λαγόνων

57 2116 323 2205 ἓπικαμαίνοντας.
375 2116 597 2204 ε’πιφανεστίρα
625 2142 673 2182 σοι
702 2124 759 2199 τῆς
780 2114 922 2192 ἁλώσεως
942 2113 961 2198 ἦ
983 2113 1195 2195 didicerim

56 2215 93 2301 ἣν
105 2222 168 2308 γὰρ
183 2219 292 2303 dici-..spa
308 2216 417 2302 δόλος,
437 2226 493 2285 νῦν
506 2216 606 2307 φόβος
621 2219 753 2286 άπίδοτο
761 2268 772 2300 ,
793 2223 843 2284 καὶ
857 2218 895 2303 ἣν
906 2220 1058 2300 βασιλίως
1072 2226 1155 2307 βαρ-

59 2319 158 2410 βάρου
184 2325 356 2408 πανουργία
377 2329 479 2400 κακῶς
502 2318 693 2408 άπεσόλησε,
721 2329 776 2389 νῦν
793 2318 1017 2409 ἐπιφανεστάτη
1038 2324 1155 2388 δουλα-

25 2429 151 2509 ἳῦγωγία
174 2431 278 2501 καλῶς
298 2426 484 2492 ἀντιδίδωσι.
535 2422 651 2509 ταότην
673 2426 792 2509 οίκίτης
813 2425 996 2505 ίσταλμίνος
1009 2420 1100 2507 δμίν,
1127 2418 1154 2491 ὦ

58 2525 227 2615 μάρτυρες,
260 2526 486 2615 προσηγάγετο,
519 2526 702 2613 συμμάχους
724 2526 850 2595 ἑλέσθαι
870 2524 1070 2613 θηρώμενος,
1099 2525 1153 2603 οὓς

59 2629 199 2710 ὐντίθεος
220 2630 257 2697 τό
279 2630 427 2720 πρότερον
443 2632 499 2699 οὐκ
513 2632 717 2717 ἐπρέσβευεν,
741 2633 773 2710 ίξ
792 2628 981 2708 ἀποτεύξεως
994 2618 1154 2714 διδαχθείς

59 2732 111 2817 τὴν
128 2735 303 2818 εὐσίβειαν,
330 2738 392 2801 ε’πελ
411 2738 462 2802 καί
486 2734 606 2823 (δαραιδ
627 2733 644 2802 δ
659 2732 756 2801 πάλαι
767 2730 988 2817 μαστιζόμενος
1004 2732 1024 2816 ἢ
1038 2740 1150 2799 νουθε·

61 2964 144 3017 iterum
160 2964 255 3017 dextra
271 2962 367 3017 domini
385 2964 448 3017 lecit
464 2963 600 3028 virtutem,
623 2964 826 3034 compressitque
848 2960 958 3033 spiritus
981 2961 1147 3027 Chaldaicos,

62 3034 146 3085 nonin
164 3034 283 3104 pariete,
305 3034 395 3087 sedin
412 3032 483 3087 coelo
501 3034 703 3104 praedictionem
719 3032 852 3095 scribom
878 3041 906 3084 et
921 3031 1074 3085 dividuntur
1090 3050 1148 3084 sce-

63 3110 116 3170 ptra
136 3102 313 3170 Babylonica,
337 3111 366 3155 et
385 3102 494 3156 thronus
517 3102 629 3155 insoleus
653 3102 789 3164 deiicitur,
813 3109 841 3152 et
861 3117 967 3168 reguum
984 3100 1148 3155 temulentum

63 3172 233 3236 contrabitur,
249 3180 278 3224 et
295 3172 363 3241 quod
380 3171 537 3224 humiliatum
554 3180 627 3237 erat,
646 3172 731 3223 denuo
748 3172 904 3232 bonoratur,
924 3178 951 3221 et
968 3171 1036 3240 quod
1054 3170 1148 3223 victum

63 3248 127 3303 erat,
150 3242 341 3293 corroboratur.
375 3256 463 3294 rursus
487 3240 600 3294 sterilem
623 3242 710 3293 urbem
734 3249 841 3308 propter
863 3238 969 3302 bellum,
995 3248 1024 3291 ut
1040 3248 1147 3292 matrem

63 3309 91 3359 ob
111 3309 216 3362 filiorum
239 3308 423 3362 multitudinem
447 3312 583 3362 laetantem
606 3309 752 3379 aspicimus.
786 3324 860 3359 nemo
884 3315 981 3359 uestem
997 3308 1047 3360 lroc
1064 3324 1147 3376 pane·

63 3376 144 3442 gyrico
159 3380 227 3431 leuto
249 3377 394 3430 indecoram
410 3377 518 3430 induats
543 3393 628 3431 omnes
646 3378 717 3429 vitae
733 3391 880 3444 morumque
895 3376 1007 3429 candore
1023 3393 1056 3428 ac
1073 3376 1147 3445 puri-

64 3451 111 3495 tate
127 3446 258 3499 candidum
275 3455 404 3515 gestemus
422 3446 549 3511 habitum,
574 3462 608 3499 ne
624 3444 648 3496 si
665 3446 771 3498 animam
788 3461 864 3496 secus
882 3462 958 3513 quam
975 3445 1064 3513 regale
1081 3462 1144 3498 cou-

64 3511 150 3565 rivium
166 3516 258 3569 deceat
274 3514 512 3580 convestiverimua,
535 3513 579 3582 qui
597 3513 674 3567 adid
692 3514 855 3568 admittamur
878 3513 979 3582 indigui
994 3514 1145 3579 iudicemur,

65 3588 87 3635 tt
102 3581 139 3633 luis
154 3583 300 3637 damnemur
321 3601 388 3654 quae
405 3584 438 3635 ab
455 3582 543 3634 eodem
564 3582 662 3636 eiectos
684 3591 883 3651 consequuntur.
917 3599 1058 3646 renovare,
1082 3584 1144 3635 urbs
1186 3643 1188 3648 ¹

65 3649 227 3705 exultationis:
247 3654 320 3706 verrit
336 3653 401 3707 enim
418 3652 500 3704 lumen
516 3656 603 3716 tuum,
623 3661 651 3705 et
667 3653 752 3720 gloria
768 3651 863 3704 domini
878 3667 957 3722 super
973 3660 1001 3705 te
1017 3659 1078 3704 orta
1094 3661 1143 3703 est.

66 3716 120 3771 baec
134 3720 196 3771 enim
213 3720 278 3773 dicit
296 3722 402 3791 spiritus
418 3729 539 3784 sauctus,
565 3729 592 3773 et
610 3723 736 3790 promissa
756 3721 913 3789 amplector,
937 3727 964 3772 et
984 3736 1051 3789 quae
1072 3735 1140 3771 nunc

66 3794 100 3837 ert
119 3789 212 3856 gloria,
237 3789 348 3859 priorem
372 3790 513 3843 claritatem
534 3801 650 3859 superat
686 3789 756 3843 baud
778 3790 845 3842 enim
873 3790 978 3858 populos
1000 3796 1140 3856 martyrum

66 3857 184 3923 superiore
198 3860 318 3913 memorio
334 3859 501 3929 possidebas,
521 3876 618 3915 ornnem
635 3860 750 3913 semitam
766 3864 794 3912 et
810 3860 922 3927 compita
939 3866 1037 3911 tuorum
1053 3856 1141 3909 visee-

67 3938 112 3975 rum
132 3926 287 3981 inundantes.
323 3930 381 3997 plus
404 3926 452 3981 tibi
472 3928 505 3980 ad
531 3927 638 3995 gloriam
662 3928 767 3998 proficit
789 3927 828 3980 ita
849 3928 980 3980 liberata·
1003 3941 1079 3993 quam
1098 3922 1138 3977 itu

66 3998 153 4059 raptu·
174 4012 237 4057 esse.
270 4013 346 4063 quam
371 3997 437 4049 euim
461 3996 533 4049 dolus
554 3996 722 4065 subiugavit,
753 4013 819 4047 nuuc
842 4004 924 4047 metus
947 3993 1077 4059 restituit3
1110 4000 1138 4046 et

68 4075 130 4140 quun
146 4064 212 4133 regia
226 4065 330 4119 barbari
346 4066 476 4121 calliditas
491 4066 605 4134 improbe
622 4084 670 4135 pro
688 4066 771 4135 spolio
788 4064 907 4123 abstulit,
929 4078 996 4125 nuuc
1014 4060 1139 4115 illustris-

68 4144 120 4208 uua
137 4134 248 4203 receptio
271 4135 353 4203 probo
376 4136 504 4202 rependit
538 4135 603 4188 banc
620 4134 732 4188 tumulus
746 4141 834 4189 vester
849 4130 940 4184 missus
956 4131 1030 4184 vobis
1046 4146 1138 4185 recou-

69 4196 167 4263 oliarit,
182 4219 197 4253 o
212 4210 352 4275 martyres,
367 4204 452 4258 socios
468 4202 519 4258 sibi
534 4210 642 4274 conatus
658 4203 815 4273 adiungere,
830 4216 896 4270 quot
908 4199 955 4253 'dei
973 4199 1138 4255 adversarius

69 4270 131 4321 ntea
151 4285 200 4325 nou
221 4275 345 4343 rogabat,
371 4291 404 4329 ex
426 4272 526 4329 infelici
547 4288 668 4329 successu
691 4272 812 4345 pietatem
836 4270 956 4337 docturp
968 4270 1087 4342 quoniam
1110 4274 1139 4323 et
