2817 4742
406 302 698 373 tustotttsttuut
721 306 778 375 ΠΙ.
806 302 865 378 14.
1099 307 1171 384 1'45

67 470 226 555 ε’πιφοράς
244 477 307 538 τῶν
326 477 427 555 βελῶν
446 472 502 557 τήν
527 473 672 558 ἐπιβολήν
693 475 919 559 διατίμνοντες.
969 479 1113 547 torosam
1133 507 1168 549 τι

68 569 219 650 ίκλύτους
243 580 306 641 τῶν
332 571 533 663 σοφισμάτων
559 576 634 655 τούς
660 576 932 657 ἀντικαθιστάντος
959 582 1079 648 διατιθί
1092 609 1165 653 ιενοι

67 670 313 760 προτερεύουσιν
324 681 365 753 είς
377 676 432 744 τδν
447 676 590 761 πόλεμον.
642 688 807 765 τοιγαροῦν
829 681 1075 769 ἀξιολογωτάτης
1092 689 1164 753 Po-

65 780 173 860 μαίοις
194 805 227 845 τε
249 782 298 846 καί
318 776 466 864 Πάρθοις
484 782 647 867 γενομένης
663 790 719 868 τῆς
740 782 863 867 μάχης,
889 792 947 870 τῆς
958 810 991 852 τε
1003 790 1073 874 Περ
1086 775 1201 873 *trien

39 894 59 949 -5
67 884 302 966 παραλυθείσης
321 879 468 960 ε’κτάξειυς
490 884 541 950 διδ
565 886 666 970 τὸμὴ
689 886 766 969 πρὸς
791 883 897 966 βάθος
917 888 1100 958 συνεστάναι
1123 892 1161 960 τδ

65 996 188 1069 στῖφος,
216 981 408 1069 ούραγούσης
418 1011 451 1052 τε
466 984 627 1070 δυνάμεως
644 990 869 1081 διηπορημένης
884 998 942 1075 τῆς
955 993 1067 1074 Βαβυλ
1082 996 1162 1071 ννίας

65 1092 278 1173 παρασκευῆς,
304 1093 361 1152 τοῦ
374 1088 601 1174 ἀντερείδοντας
613 1091 658 1176 μή
679 1088 828 1172 ὑπόντος,
856 1090 922 1159 εἶτα
936 1096 1069 1180 ε’πιβριθ.
1082 1091 1159 1180 ύσης

63 1197 121 1272 τῆς
134 1189 300 1255 ἀντιθίτου
316 1188 491 1274 δυνάμεως,
520 1192 597 1278 πρδς
609 1192 741 1279 ύλεθρον
754 1192 812 1261 είδε
827 1195 862 1259 ati
874 1194 1050 1282 βάρβαρον,
1079 1196 1159 1264 ἀπο-

63 1294 153 1357 κλίνει
172 1317 205 1357 τε
229 1292 308 1377 πρδς
330 1291 440 1380 φυγήν.
493 1298 544 1361 καί
564 1303 721 1377 μειοῦνται
732 1298 790 1380 μὲν
803 1298 925 1384 Πέρσαι
938 1299 978 1365 τά
993 1306 1055 1367 τῶν
1075 1304 1158 1368 ἔναν-

25 1405 55 1456 10
63 1396 136 1459 τίσιν
153 1396 303 1477 ἐλπίδων,
330 1394 574 1464 παιδεύονταιδέ
589 1405 634 1488 τῷ
648 1402 869 1486 παραδείγματι
882 1401 927 1486 μή
942 1402 1020 1488 μίγα
1033 1427 1057 1489 φ
1077 1416 1157 1470 ονεῖν

61 1499 110 1562 ε’πί
131 1509 197 1575 τοῖς
222 1496 430 1583 ἀδικήμασιν.Ι
467 1499 498 1564 οἳ
520 1501 578 1581 μὲν
605 1494 660 1567 oris·
681 1500 877 1585 Βαβυλώνιοι
905 1494 1053 1591 ᾖποδῶν
1076 1504 1157 1591 είχον

61 1599 284 1687 ἀπεδίδρασκον
308 1597 510 1685 ἧττηθίντες,
534 1598 680 1684 Ῥωμαῖοι
702 1603 737 1667 δ’
757 1601 894 1688 ίχύμενοι
916 1613 972 1688 τῆς
986 1608 1059 1671 ίπιθ
1074 1618 1193 1685 σειοςὸ

60 1712 123 1769 τῶν
142 1711 328 1780 κακῶν-τοῖς
343 1700 493 1789 Πάρθοις
511 1716 619 1790 πεῖραν
640 1707 791 1772 ἐδίδοσαν.
844 1706 882 1772 υά
901 1706 965 1792 μὴν
979 1706 1058 1776 ἀλλά
1075 1711 1154 1797 πρδς

61 1807 109 1873 ἐπί
123 1804 243 1883 τούτοις
257 1809 308 1872 καὶ
322 1807 376 1873 τδν
390 1807 544 1893 Περαικδν
559 1810 714 1893 ληίζονται
724 1805 867 1895 χάρακα,
893 1807 935 1875 τά
949 1835 983 1876 τε
996 1834 1054 1897 σκη
1074 1811 1153 1897 οπή-

27 1914 109 1993 15για
129 1917 185 1977 τοῦ
206 1910 358 1991 βασιλέως
377 1908 658 1996 προενυμεύσαντο,
693 1914 744 1977 καί
770 1919 876 1978 πᾶσαν
896 1912 954 1999 τήν
977 1912 1153 2001 ἀποσκευήν

60 2018 352 2098 λαφυραγωγοῦνται
381 2020 540 2097 λαμπρῶς.
593 2021 655 2080 τῶν
683 2041 715 2081 τε
742 2014 916 2100 ίλεηάνττον
943 2016 1152 2101 κρατήσαντες

61 2111 125 2193 ἀμα
148 2126 211 2191 τοῖς
231 2114 355 2192 σκύλοις
377 2128 442 2193 τοῖς
464 2123 629 2203 Περσικοῖς
648 2118 888 2205 παραπέμπουσι
902 2118 980 2203 πρδς
999 2120 1150 2187 adelini·

60 2240 148 2303 σαρα.
201 2220 263 2284 ε’πεί
280 2218 313 2284 δ”
330 2216 455 2304 ἡττήθη
470 2217 486 2286 ὁ
501 2226 563 2286 τῶν
575 2225 709 2307 Περσῶν
718 2222 863 2302 βασιλεύς
882 2224 931 2285 καλ
951 2221 1008 2306 τήν
1020 2220 1150 2303 ἀνάζευ-

61 2322 103 2395 ξιν
124 2320 224 2387 οἴκαδε
242 2324 447 2389 ἐπονείδιστον
468 2324 647 2409 ε’πεποίητο,
681 2325 730 2389 ἐπὶ
750 2324 807 2407 τὴν
827 2324 1007 2408 Μελιτηνὴν
1019 2326 1151 2411 γογανιδς

27 2422 220 2511 ωένεπίμπρα
235 2424 293 2508 τήν
307 2424 391 2511 ὥραν
406 2432 461 2494 τού
476 2426 596 2507 ἀστεος,
623 2426 784 2514 ἀρρακτον
797 2419 893 2491 οὖσαν
908 2421 1004 2510 εύριδν
1021 2428 1149 2514 ήρεμίιις

60 2550 90 2590 τε
105 2525 202 2611 πάσης
217 2524 410 2612 κατάκομον,
454 2526 624 2617 Εὐφράτην
642 2556 674 2595 τε
697 2528 808 2611 deusde
822 2529 878 2593 διά-
897 2536 953 2613 τής
964 2529 1152 2617 Ἀρζανηνής

59 2628 113 2709 τήν
131 2628 325 2716 ἀναχώρησιν
345 2628 528 2714 ίποιήσοτο,
562 2630 649 2723 νύμιρ
676 2632 735 2717 τήν
768 2629 915 2715 αίσχύνην
946 2631 1147 2718 στηλιιεύσας

60 2736 110 2793 τοῦ
123 2730 336 2814 ἀτυχήματος·
363 2740 552 2817 θεσμοθετεῖ
575 2736 635 2820 γὰρ
656 2735 701 2819 μή
716 2732 773 2810 τάς
792 2736 841 2799 ε’πί
866 2732 999 2817 πόλεμον
1021 2733 1146 2813 {idduae

59 2829 213 2917 προσήκειν
228 2833 260 2908 ἀς
272 2834 309 2897 sti
322 2836 429 2901 λοιπὸν
443 2837 574 2915 βασιλία
590 2842 725 2922 Περσῶν
741 2834 976 2921 ίμπορεύεσθαι.

61 3100 256 3164 reuerentes,
280 3095 407 3150 violentos
424 3096 533 3149 telorntn
549 3093 636 3150 iaetus
654 3097 687 3150 sb
704 3114 734 3150 se
750 3096 902 3167 prohibente
927 3097 1016 3167 itaque
1032 3098 1141 3153 hostium

60 3164 152 3219 vafritie
175 3164 302 3235 dissipata
319 3166 419 3235 priores
435 3166 461 3217 in
478 3182 563 3234 pugna
582 3175 668 3235 partes
686 3166 811 3220 obtinent.
847 3168 945 3235 praelio
962 3168 1038 3235 igitur
1059 3169 1141 3236 inpri-

59 3232 99 3286 tuit
114 3236 267 3287 memorabili
285 3234 353 3288 inter
369 3236 447 3288 hasce
464 3234 527 3289 duas
544 3244 635 3303 gentes
652 3236 739 3301 edito,
764 3236 920 3301 Persicoquo
937 3235 1050 3301 agmine
1079 3238 1140 3304 quia

59 3304 196 3369 quadratum
222 3322 253 3356 no
276 3304 382 3357 densum
406 3320 456 3355 nort
482 3310 553 3367 erat,
577 3304 701 3366 disiecto,
727 3313 754 3355 et
777 3303 896 3355 extremis
919 3318 969 3353 nora
994 3302 1139 3366 instructis,

59 3385 98 3422 nea
113 3373 264 3425 habentibus
280 3390 333 3441 qno
349 3373 522 3425 reniterentur
538 3382 616 3439 atque
630 3374 792 3433 obsisterent,
809 3388 863 3422 cum
881 3377 908 3421 et
925 3370 1007 3422 hostis
1021 3387 1038 3422 a
1051 3372 1143 3427 fronte

59 3440 216 3493 vehementius
233 3448 354 3507 urgerem
370 3441 488 3494 ridentes·
505 3440 554 3491 iarn
572 3449 656 3491 autum
674 3457 746 3500 esse,
763 3439 796 3490 ad
815 3442 901 3506 sugam
918 3438 1079 3501 efferunturt
1106 3460 1138 3494 ae·

59 3523 97 3575 spe
112 3510 219 3561 metiaris
244 3519 352 3563 crentur
375 3510 480 3572 delusa,
503 3511 632 3576 praesenti
651 3508 766 3577 exempto
791 3508 825 3560 de
842 3508 975 3561 maleficiis
992 3517 1019 3561 et
1037 3508 1138 3561 iniuriis

59 3584 108 3629 tnta
122 3577 200 3630 illatis
216 3594 266 3630 non
283 3580 335 3631 sibi
357 3579 460 3647 placere
477 3577 585 3630 discunt.
621 3576 717 3629 Persae
732 3577 795 3629 victi
813 3580 996 3646 superatique,
1015 3590 1134 3646 aptandum

59 3646 150 3764 pedibus
173 3646 275 3711 vatent,
299 3647 325 3699 im
350 3649 436 3719 sugam
461 3663 490 3699 se
513 3647 661 3710 coarterunt3
684 3664 749 3715 quos
774 3664 821 3715 per
845 3646 955 3714 vestigia
972 3645 1136 3699 inhaerentes

78 3716 226 3775 omanisneio
243 3722 365 3769 mactent.
400 3716 462 3785 quim
478 3714 553 3768 etiarn
571 3724 656 3769 castra
674 3734 761 3768 eorum
779 3715 937 3777 exinaniunt,
954 3723 980 3766 et
998 3717 1135 3769 tentorium

59 3783 115 3849 repis
130 3785 285 3854 diripientes,
299 3785 434 3855 munitque
452 3784 631 3854 impedimenta
649 3786 730 3837 libere
746 3803 778 3836 ao
794 3784 877 3854 paiam
895 3785 1059 3842 auferentes,
1079 3783 1133 3836 ele-

60 3850 164 3915 phantum
186 3854 222 3907 ibi
248 3864 378 3924 repertum
401 3872 458 3907 cunr
482 3855 638 3907 ornamentis
663 3855 774 3906 Persicis
801 3854 834 3905 nd
860 3854 999 3905 Caesarem
1018 3851 1133 3905 mittunt.

59 3917 129 3974 victus
150 3925 286 3977 Persarum
311 3939 356 3975 rex
379 3932 407 3975 et
431 3941 488 3977 curn
511 3923 670 3990 turpitudine
694 3923 850 3984 abscedens,
879 3920 1017 3974 Melitenen
1043 3922 1131 3975 urbem

59 3988 253 4056 putcherrimae,
276 3990 428 4045 custodibus
451 4004 583 4044 vacantem
609 4002 636 4043 et
660 3992 749 4060 quiete
771 3991 971 4051 securissimam,
991 3988 1016 4039 in
1034 3987 1128 4063 itinere

59 4052 170 4125 incendit,
186 4063 344 4133 traiectoque
361 4060 497 4129 Euphrate
516 4078 562 4129 per
580 4063 737 4113 Arzanenam
756 4061 886 4127 regionem
907 4073 1044 4119 reuersus,
1067 4058 1128 4125 iege

59 4117 101 4174 iata
115 4130 180 4181 vetut
195 4132 222 4184 iu
239 4133 356 4187 columna
372 4128 521 4198 inscriptam
545 4130 627 4182 ctadts
643 4143 705 4181 tarne
722 4128 883 4197 ignominiam
900 4125 1014 4179 omnibus
1033 4128 1127 4194 prodit.

59 4189 197 4313 ξῦείιὶὶῑίυῑοαι
214 4210 245 4254 ut
261 4218 295 4255 ue
318 4198 375 4271 quie
399 4199 432 4253 de
456 4205 559 4253 οοοῐοτο
585 4200 723 4253 Persarum
741 4216 788 4251 rex
805 4196 927 4251 Romanis
943 4211 1014 4248 arura
1030 4196 1128 4249 inferre

101 4279 113 4312 e

94 4341 293 4416 Tteoptytaotm.
881 4340 920 4399 10
