<?xml version="1.0" encoding="UTF-8"?>
<!DOCTYPE html PUBLIC "-//W3C//DTD XHTML 1.0 Transitional//EN"
    "http://www.w3.org/TR/xhtml1/DTD/xhtml1-transitional.dtd">
<html xmlns="http://www.w3.org/1999/xhtml" xml:lang="en" lang="en">
 <head>
  <title>
</title>
<meta http-equiv="Content-Type" content="text/html;charset=utf-8" />
  <meta name='ocr-system' content='tesseract 3.04.00' />
  <meta name='ocr-capabilities' content='ocr_page ocr_carea ocr_par ocr_line ocrx_word'/>
</head>
<body>
  <div class='ocr_page' id='page_1' title='image "./corpusscriptoru51theogoog/corpusscriptoru51theogoog_0199.png"; bbox 0 0 2817 4742; ppageno 0'>
   <div class='ocr_carea' id='block_1_1' title="bbox 377 290 1147 369">
    <p class='ocr_par' dir='ltr' id='par_1_1' title="bbox 377 290 1147 369">
     <span class='ocr_line' id='line_1_1' title="bbox 377 290 1147 369; baseline 0.012 -8"><span class='ocrx_word' id='word_1_1' title='bbox 377 290 669 361; x_wconf 74' lang='lat' dir='ltr'>fflsuomnuun</span> <span class='ocrx_word' id='word_1_2' title='bbox 692 293 752 367; x_wconf 80' lang='lat' dir='ltr'>lv.</span> <span class='ocrx_word' id='word_1_3' title='bbox 777 292 833 365; x_wconf 81' lang='grc'>4..</span> <span class='ocrx_word' id='word_1_4' title='bbox 1074 297 1147 369; x_wconf 80' lang='grc'>165</span> 
     </span>
    </p>
   </div>
   <div class='ocr_carea' id='block_1_2' title="bbox 15 459 1257 2717">
    <p class='ocr_par' dir='ltr' id='par_1_2' title="bbox 15 459 1257 2717">
     <span class='ocr_line' id='line_1_2' title="bbox 47 459 1148 554; baseline 0.005 -25"><span class='ocrx_word' id='word_1_5' title='bbox 47 486 145 545; x_wconf 88' lang='grc' dir='ltr'><strong><em>μενος</em></strong></span> <span class='ocrx_word' id='word_1_6' title='bbox 157 467 213 530; x_wconf 80' lang='grc' dir='ltr'>νῦν</span> <span class='ocrx_word' id='word_1_7' title='bbox 225 463 389 547; x_wconf 81' lang='grc' dir='ltr'><strong><em>αίσχίστως</em></strong></span> <span class='ocrx_word' id='word_1_8' title='bbox 399 469 709 551; x_wconf 86' lang='grc' dir='ltr'><strong><em>σκληραγωγαυμινος</em></strong></span> <span class='ocrx_word' id='word_1_9' title='bbox 720 466 771 533; x_wconf 82' lang='grc' dir='ltr'><strong><em>καί</em></strong></span> <span class='ocrx_word' id='word_1_10' title='bbox 787 470 832 554; x_wconf 75' lang='grc' dir='ltr'>τῷ</span> <span class='ocrx_word' id='word_1_11' title='bbox 847 459 936 554; x_wconf 79' lang='grc' dir='ltr'><strong><em>ῥάπιμ</em></strong></span> <span class='ocrx_word' id='word_1_12' title='bbox 949 466 1000 529; x_wconf 82' lang='grc' dir='ltr'><strong><em>καί</em></strong></span> <span class='ocrx_word' id='word_1_13' title='bbox 1013 471 1053 553; x_wconf 78' lang='grc' dir='ltr'>τῇ</span> <span class='ocrx_word' id='word_1_14' title='bbox 1067 464 1148 535; x_wconf 88' lang='grc' dir='ltr'><strong><em>κόνει</em></strong></span> 
     </span>
     <span class='ocr_line' id='line_1_3' title="bbox 48 561 1145 656; baseline 0.005 -25"><span class='ocrx_word' id='word_1_15' title='bbox 48 573 88 652; x_wconf 80' lang='grc' dir='ltr'>τῇ</span> <span class='ocrx_word' id='word_1_16' title='bbox 103 591 138 632; x_wconf 90' lang='grc' dir='ltr'>τε</span> <span class='ocrx_word' id='word_1_17' title='bbox 153 561 236 655; x_wconf 76' lang='grc' dir='ltr'><strong><em>λήμη</em></strong></span> <span class='ocrx_word' id='word_1_18' title='bbox 248 573 313 633; x_wconf 81' lang='grc' dir='ltr'>τῶν</span> <span class='ocrx_word' id='word_1_19' title='bbox 325 564 473 654; x_wconf 78' lang='grc' dir='ltr'><strong><em>ἀμμάτων</em></strong></span> <span class='ocrx_word' id='word_1_20' title='bbox 486 569 537 633; x_wconf 79' lang='grc' dir='ltr'><strong><em>καί</em></strong></span> <span class='ocrx_word' id='word_1_21' title='bbox 551 574 589 655; x_wconf 80' lang='grc' dir='ltr'>τῇ</span> <span class='ocrx_word' id='word_1_22' title='bbox 603 575 764 656; x_wconf 74' lang='grc' dir='ltr'>συμπλοκῇ</span> <span class='ocrx_word' id='word_1_23' title='bbox 780 574 843 635; x_wconf 83' lang='grc' dir='ltr'>τῶν</span> <span class='ocrx_word' id='word_1_24' title='bbox 854 565 1037 653; x_wconf 70' lang='grc' dir='ltr'><strong><em>βοστρύχων</em></strong></span> <span class='ocrx_word' id='word_1_25' title='bbox 1047 596 1145 656; x_wconf 84' lang='grc' dir='ltr'><strong><em>κατη-</em></strong></span> 
     </span>
     <span class='ocr_line' id='line_1_4' title="bbox 48 665 1145 758; baseline 0.005 -26"><span class='ocrx_word' id='word_1_26' title='bbox 48 665 218 755; x_wconf 82' lang='grc' dir='ltr'><strong><em>γριιάμετος</em></strong></span> <span class='ocrx_word' id='word_1_27' title='bbox 238 669 295 755; x_wconf 72' lang='grc' dir='ltr'>τὴν</span> <span class='ocrx_word' id='word_1_28' title='bbox 314 666 489 756; x_wconf 79' lang='grc' dir='ltr'><em>πρόσοψιν,</em></span> <span class='ocrx_word' id='word_1_29' title='bbox 515 667 532 739; x_wconf 86' lang='grc' dir='ltr'><strong><em>ό</em></strong></span> <span class='ocrx_word' id='word_1_30' title='bbox 550 682 615 749; x_wconf 78' lang='grc' dir='ltr'><strong><em>τοϊς</em></strong></span> <span class='ocrx_word' id='word_1_31' title='bbox 636 675 757 758; x_wconf 89' lang='grc' dir='ltr'><strong><em>μυρίοις</em></strong></span> <span class='ocrx_word' id='word_1_32' title='bbox 777 673 874 756; x_wconf 89' lang='grc' dir='ltr'><strong><em>γένεσι</em></strong></span> <span class='ocrx_word' id='word_1_33' title='bbox 892 678 954 738; x_wconf 82' lang='grc' dir='ltr'>τῶν</span> <span class='ocrx_word' id='word_1_34' title='bbox 968 671 1145 755; x_wconf 70' lang='grc' dir='ltr'><em>ἐδεσμάτων</em></span> 
     </span>
     <span class='ocr_line' id='line_1_5' title="bbox 50 766 1144 863; baseline 0.008 -27"><span class='ocrx_word' id='word_1_35' title='bbox 50 770 290 855; x_wconf 72' lang='grc' dir='ltr'><strong><em>κολακευόμενος</em></strong></span> <span class='ocrx_word' id='word_1_36' title='bbox 313 766 369 839; x_wconf 84' lang='grc' dir='ltr'><strong><em>νίιν</em></strong></span> <span class='ocrx_word' id='word_1_37' title='bbox 392 770 540 851; x_wconf 73' lang='grc' dir='ltr'>ἀπόσιτος</span> <span class='ocrx_word' id='word_1_38' title='bbox 560 777 612 841; x_wconf 83' lang='grc' dir='ltr'><strong><em>καί</em></strong></span> <span class='ocrx_word' id='word_1_39' title='bbox 637 782 750 863; x_wconf 75' lang='grc' dir='ltr'><strong><em>μικροί</em></strong></span> <span class='ocrx_word' id='word_1_40' title='bbox 773 778 835 842; x_wconf 82' lang='grc' dir='ltr'><strong><em>δεῖν</em></strong></span> <span class='ocrx_word' id='word_1_41' title='bbox 849 777 901 841; x_wconf 79' lang='grc' dir='ltr'><strong><em>καί</em></strong></span> <span class='ocrx_word' id='word_1_42' title='bbox 913 781 975 841; x_wconf 78' lang='grc' dir='ltr'>τῶν</span> <span class='ocrx_word' id='word_1_43' title='bbox 988 774 1144 860; x_wconf 88' lang='grc' dir='ltr'><strong><em>τυχόντων</em></strong></span> 
     </span>
     <span class='ocr_line' id='line_1_6' title="bbox 27 872 1144 971; baseline 0.001 -26"><span class='ocrx_word' id='word_1_44' title='bbox 27 873 268 960; x_wconf 76' lang='grc' dir='ltr'><strong><em>ὁσπανιζόμενος</em></strong></span> <span class='ocrx_word' id='word_1_45' title='bbox 285 874 404 963; x_wconf 86' lang='grc' dir='ltr'><strong><em>ἀρτων,</em></strong></span> <span class='ocrx_word' id='word_1_46' title='bbox 430 872 448 943; x_wconf 80' lang='grc' dir='ltr'><strong><em>ὃ</em></strong></span> <span class='ocrx_word' id='word_1_47' title='bbox 469 887 534 955; x_wconf 76' lang='grc' dir='ltr'><strong><em>τοῖς</em></strong></span> <span class='ocrx_word' id='word_1_48' title='bbox 550 875 760 965; x_wconf 89' lang='grc' dir='ltr'><strong><em>χρυσοφόρυις</em></strong></span> <span class='ocrx_word' id='word_1_49' title='bbox 778 875 935 961; x_wconf 76' lang='grc' dir='ltr'><strong><em>θαλάμοις</em></strong></span> <span class='ocrx_word' id='word_1_50' title='bbox 948 877 1144 971; x_wconf 83' lang='grc' dir='ltr'><strong><em>ένδιαιτάμε·</em></strong></span> 
     </span>
     <span class='ocr_line' id='line_1_7' title="bbox 49 979 1143 1068; baseline 0.006 -26"><span class='ocrx_word' id='word_1_51' title='bbox 49 1004 101 1054; x_wconf 89' lang='grc' dir='ltr'>νος</span> <span class='ocrx_word' id='word_1_52' title='bbox 115 982 231 1055; x_wconf 76' lang='grc' dir='ltr'><strong><em>κλίναις</em></strong></span> <span class='ocrx_word' id='word_1_53' title='bbox 244 1004 277 1046; x_wconf 90' lang='grc' dir='ltr'>τε</span> <span class='ocrx_word' id='word_1_54' title='bbox 286 989 418 1067; x_wconf 77' lang='grc' dir='ltr'><strong><em>χρυσαῖς</em></strong></span> <span class='ocrx_word' id='word_1_55' title='bbox 431 979 691 1066; x_wconf 83' lang='grc' dir='ltr'><strong><em>ίμβλακιυόμενας</em></strong></span> <span class='ocrx_word' id='word_1_56' title='bbox 704 985 754 1049; x_wconf 81' lang='grc' dir='ltr'><strong><em>καί</em></strong></span> <span class='ocrx_word' id='word_1_57' title='bbox 767 979 910 1068; x_wconf 87' lang='grc' dir='ltr'><strong><em>σισάραις</em></strong></span> <span class='ocrx_word' id='word_1_58' title='bbox 923 986 1080 1068; x_wconf 80' lang='grc' dir='ltr'><strong><em>λαμπραῖς</em></strong></span> <span class='ocrx_word' id='word_1_59' title='bbox 1092 984 1143 1049; x_wconf 79' lang='grc' dir='ltr'>έν·</span> 
     </span>
     <span class='ocr_line' id='line_1_8' title="bbox 48 1081 1142 1172; baseline 0.004 -25"><span class='ocrx_word' id='word_1_60' title='bbox 48 1088 177 1169; x_wconf 84' lang='grc' dir='ltr'><strong><em>τρυφῶν</em></strong></span> <span class='ocrx_word' id='word_1_61' title='bbox 205 1085 256 1147; x_wconf 76' lang='grc' dir='ltr'><strong><em>καί</em></strong></span> <span class='ocrx_word' id='word_1_62' title='bbox 284 1083 438 1170; x_wconf 85' lang='grc' dir='ltr'><strong><em>έφεστρίσι</em></strong></span> <span class='ocrx_word' id='word_1_63' title='bbox 467 1086 727 1172; x_wconf 64' lang='grc' dir='ltr'><strong><em>μεγαλοπρεπέσιν</em></strong></span> <span class='ocrx_word' id='word_1_64' title='bbox 748 1081 1014 1171; x_wconf 80' lang='grc' dir='ltr'><strong><em>ίγκαλινδοόμενος</em></strong></span> <span class='ocrx_word' id='word_1_65' title='bbox 1032 1091 1087 1151; x_wconf 81' lang='grc' dir='ltr'>νῦν</span> <span class='ocrx_word' id='word_1_66' title='bbox 1108 1086 1142 1151; x_wconf 85' lang='grc' dir='ltr'>ίν</span> 
     </span>
     <span class='ocr_line' id='line_1_9' title="bbox 49 1183 1141 1274; baseline 0.005 -25"><span class='ocrx_word' id='word_1_67' title='bbox 49 1185 151 1273; x_wconf 76' lang='grc' dir='ltr'><strong><em>εἱρκτῇ</em></strong></span> <span class='ocrx_word' id='word_1_68' title='bbox 166 1183 448 1273; x_wconf 86' lang='grc' dir='ltr'><strong><em>στενοχωραόμενος</em></strong></span> <span class='ocrx_word' id='word_1_69' title='bbox 463 1189 514 1253; x_wconf 82' lang='grc' dir='ltr'><strong><em>καί</em></strong></span> <span class='ocrx_word' id='word_1_70' title='bbox 526 1186 603 1273; x_wconf 87' lang='grc' dir='ltr'><strong><em>πρός</em></strong></span> <span class='ocrx_word' id='word_1_71' title='bbox 616 1187 775 1274; x_wconf 81' lang='grc' dir='ltr'><strong><em>τοάδαφος</em></strong></span> <span class='ocrx_word' id='word_1_72' title='bbox 787 1188 1042 1274; x_wconf 85' lang='grc' dir='ltr'><strong><em>κατερριμμένος,</em></strong></span> <span class='ocrx_word' id='word_1_73' title='bbox 1063 1184 1141 1271; x_wconf 70' lang='lat' dir='ltr'>prise</span> 
     </span>
     <span class='ocr_line' id='line_1_10' title="bbox 49 1286 1143 1378; baseline 0.005 -27"><span class='ocrx_word' id='word_1_74' title='bbox 49 1292 181 1369; x_wconf 85' lang='grc' dir='ltr'><strong><em>λείψανα</em></strong></span> <span class='ocrx_word' id='word_1_75' title='bbox 194 1286 323 1355; x_wconf 74' lang='grc' dir='ltr'><strong><em>εὐτελῶν</em></strong></span> <span class='ocrx_word' id='word_1_76' title='bbox 340 1288 568 1377; x_wconf 89' lang='grc' dir='ltr'><strong><em>άμφιασμάτων</em></strong></span> <span class='ocrx_word' id='word_1_77' title='bbox 584 1289 830 1378; x_wconf 80' lang='grc' dir='ltr'><strong><em>περιφερόμενος.</em></strong></span> <span class='ocrx_word' id='word_1_78' title='bbox 882 1286 945 1375; x_wconf 74' lang='lat' dir='ltr'>iou</span> <span class='ocrx_word' id='word_1_79' title='bbox 963 1291 1000 1357; x_wconf 77' lang='grc' dir='ltr'>δέ</span> <span class='ocrx_word' id='word_1_80' title='bbox 1013 1294 1065 1358; x_wconf 81' lang='grc' dir='ltr'><strong><em>καί</em></strong></span> <span class='ocrx_word' id='word_1_81' title='bbox 1080 1289 1143 1358; x_wconf 81' lang='grc' dir='ltr'>τάν</span> 
     </span>
     <span class='ocr_line' id='line_1_11' title="bbox 15 1382 1181 1479; baseline 0.003 -24"><span class='ocrx_word' id='word_1_82' title='bbox 15 1382 256 1475; x_wconf 79' lang='grc' dir='ltr'><strong><em>Ῑοπροπατόριυν</em></strong></span> <span class='ocrx_word' id='word_1_83' title='bbox 275 1391 311 1458; x_wconf 84' lang='grc' dir='ltr'>τό</span> <span class='ocrx_word' id='word_1_84' title='bbox 332 1394 418 1469; x_wconf 83' lang='grc' dir='ltr'><strong><em>κλέος</em></strong></span> <span class='ocrx_word' id='word_1_85' title='bbox 437 1391 737 1479; x_wconf 77' lang='grc' dir='ltr'><strong><em>προπηλακιζόμενον</em></strong></span> <span class='ocrx_word' id='word_1_86' title='bbox 749 1392 884 1478; x_wconf 76' lang='grc' dir='ltr'><strong><em>σήμερον</em></strong></span> <span class='ocrx_word' id='word_1_87' title='bbox 897 1395 930 1471; x_wconf 81' lang='grc' dir='ltr'>ίξ</span> <span class='ocrx_word' id='word_1_88' title='bbox 945 1383 987 1459; x_wconf 81' lang='grc' dir='ltr'>ἀν</span> <span class='ocrx_word' id='word_1_89' title='bbox 1003 1396 1046 1470; x_wconf 83' lang='grc' dir='ltr'>τίς</span> <span class='ocrx_word' id='word_1_90' title='bbox 1057 1390 1141 1479; x_wconf 74' lang='grc' dir='ltr'><strong><em>ἡμᾶς</em></strong></span> <span class='ocrx_word' id='word_1_91' title='bbox 1157 1402 1181 1459; x_wconf 83' lang='lat' dir='ltr'>B</span> 
     </span>
     <span class='ocr_line' id='line_1_12' title="bbox 49 1492 1141 1582; baseline 0.005 -24"><span class='ocrx_word' id='word_1_92' title='bbox 49 1493 318 1579; x_wconf 81' lang='grc' dir='ltr'><strong><em>ἀνυσιουργοῦντες</em></strong></span> <span class='ocrx_word' id='word_1_93' title='bbox 338 1492 506 1582; x_wconf 83' lang='grc' dir='ltr'><strong><em>έδράσιιτε,</em></strong></span> <span class='ocrx_word' id='word_1_94' title='bbox 542 1496 597 1573; x_wconf 72' lang='grc' dir='ltr'>οὓς</span> <span class='ocrx_word' id='word_1_95' title='bbox 618 1498 709 1581; x_wconf 74' lang='grc' dir='ltr'><strong><em>έχρῆν</em></strong></span> <span class='ocrx_word' id='word_1_96' title='bbox 731 1494 901 1563; x_wconf 69' lang='grc' dir='ltr'><strong><em>ἀθανάτων</em></strong></span> <span class='ocrx_word' id='word_1_97' title='bbox 921 1506 1025 1579; x_wconf 79' lang='grc' dir='ltr'><strong><em>τιμαῖς</em></strong></span> <span class='ocrx_word' id='word_1_98' title='bbox 1041 1503 1141 1581; x_wconf 77' lang='grc' dir='ltr'><strong><em>θερα-</em></strong></span> 
     </span>
     <span class='ocr_line' id='line_1_13' title="bbox 49 1594 1142 1686; baseline 0.005 -25"><span class='ocrx_word' id='word_1_99' title='bbox 49 1594 198 1663; x_wconf 80' lang='grc' dir='ltr'><strong><em>πεάεσθαι</em></strong></span> <span class='ocrx_word' id='word_1_100' title='bbox 211 1598 245 1664; x_wconf 76' lang='lat' dir='ltr'>ix</span> <span class='ocrx_word' id='word_1_101' title='bbox 258 1605 315 1681; x_wconf 77' lang='grc' dir='ltr'>τῆς</span> <span class='ocrx_word' id='word_1_102' title='bbox 327 1602 396 1686; x_wconf 75' lang='grc' dir='ltr'><strong><em>περὶ</em></strong></span> <span class='ocrx_word' id='word_1_103' title='bbox 408 1601 480 1674; x_wconf 85' lang='grc' dir='ltr'><strong><em>τοδς</em></strong></span> <span class='ocrx_word' id='word_1_104' title='bbox 495 1597 666 1685; x_wconf 74' lang='grc' dir='ltr'><strong><em>ἀπογόνους</em></strong></span> <span class='ocrx_word' id='word_1_105' title='bbox 679 1601 807 1672; x_wconf 76' lang='grc' dir='ltr'><strong><em>ίσοδέου</em></strong></span> <span class='ocrx_word' id='word_1_106' title='bbox 821 1602 1010 1686; x_wconf 88' lang='grc' dir='ltr'><strong><em>δορυφορίας</em></strong></span> <span class='ocrx_word' id='word_1_107' title='bbox 1021 1624 1142 1685; x_wconf 89' lang='grc' dir='ltr'><strong><em>προσα-</em></strong></span> 
     </span>
     <span class='ocr_line' id='line_1_14' title="bbox 48 1698 1141 1792; baseline 0.005 -28"><span class='ocrx_word' id='word_1_108' title='bbox 48 1700 178 1784; x_wconf 87' lang='grc' dir='ltr'><strong><em>γομένης</em></strong></span> <span class='ocrx_word' id='word_1_109' title='bbox 202 1698 359 1788; x_wconf 77' lang='grc' dir='ltr'><strong><em>ὁσημέραι.</em></strong></span> <span class='ocrx_word' id='word_1_110' title='bbox 413 1702 475 1768; x_wconf 76' lang='lat' dir='ltr'>duri</span> <span class='ocrx_word' id='word_1_111' title='bbox 496 1704 530 1769; x_wconf 75' lang='grc' dir='ltr'>δέ</span> <span class='ocrx_word' id='word_1_112' title='bbox 552 1705 602 1771; x_wconf 79' lang='grc' dir='ltr'><strong><em>καί</em></strong></span> <span class='ocrx_word' id='word_1_113' title='bbox 616 1701 739 1789; x_wconf 89' lang='grc' dir='ltr'><strong><em>φάσεως</em></strong></span> <span class='ocrx_word' id='word_1_114' title='bbox 752 1703 830 1792; x_wconf 81' lang='grc' dir='ltr'><strong><em>παρ’</em></strong></span> <span class='ocrx_word' id='word_1_115' title='bbox 847 1699 920 1787; x_wconf 84' lang='grc' dir='ltr'><strong><em>όμίν</em></strong></span> <span class='ocrx_word' id='word_1_116' title='bbox 932 1701 1051 1783; x_wconf 78' lang='grc' dir='ltr'><strong><em>θεσμός</em></strong></span> <span class='ocrx_word' id='word_1_117' title='bbox 1063 1702 1141 1769; x_wconf 86' lang='grc' dir='ltr'><strong><em>ἀνα·</em></strong></span> 
     </span>
     <span class='ocr_line' id='line_1_15' title="bbox 48 1802 1141 1891; baseline 0.005 -25"><span class='ocrx_word' id='word_1_118' title='bbox 48 1804 215 1887; x_wconf 75' lang='grc' dir='ltr'><strong><em>τέτραπται</em></strong></span> <span class='ocrx_word' id='word_1_119' title='bbox 234 1808 285 1870; x_wconf 84' lang='grc' dir='ltr'><strong><em>καί</em></strong></span> <span class='ocrx_word' id='word_1_120' title='bbox 308 1802 398 1889; x_wconf 88' lang='grc' dir='ltr'><strong><em>νόμοι</em></strong></span> <span class='ocrx_word' id='word_1_121' title='bbox 410 1802 543 1891; x_wconf 84' lang='grc' dir='ltr'><strong><em>κράτους</em></strong></span> <span class='ocrx_word' id='word_1_122' title='bbox 554 1806 723 1891; x_wconf 70' lang='grc' dir='ltr'><strong><em>η’δίτηνται</em></strong></span> <span class='ocrx_word' id='word_1_123' title='bbox 738 1808 789 1872; x_wconf 82' lang='grc' dir='ltr'><strong><em>καί</em></strong></span> <span class='ocrx_word' id='word_1_124' title='bbox 803 1803 889 1884; x_wconf 80' lang='grc' dir='ltr'><strong><em>τάξις</em></strong></span> <span class='ocrx_word' id='word_1_125' title='bbox 899 1809 1070 1891; x_wconf 75' lang='grc' dir='ltr'><strong><em>μοναρχίας</em></strong></span> <span class='ocrx_word' id='word_1_126' title='bbox 1082 1832 1141 1871; x_wconf 85' lang='grc' dir='ltr'><strong><em>κα-</em></strong></span> 
     </span>
     <span class='ocr_line' id='line_1_16' title="bbox 17 1902 1141 1997; baseline 0.007 -32"><span class='ocrx_word' id='word_1_127' title='bbox 17 1902 260 1991; x_wconf 78' lang='grc' dir='ltr'><strong><em>15ταπεπάτηται</em></strong></span> <span class='ocrx_word' id='word_1_128' title='bbox 282 1911 334 1973; x_wconf 82' lang='grc' dir='ltr'><strong><em>καί</em></strong></span> <span class='ocrx_word' id='word_1_129' title='bbox 356 1911 442 1993; x_wconf 88' lang='grc' dir='ltr'><strong><em>δίκης</em></strong></span> <span class='ocrx_word' id='word_1_130' title='bbox 460 1906 628 1997; x_wconf 78' lang='grc' dir='ltr'><strong><em>ἠφάνισται</em></strong></span> <span class='ocrx_word' id='word_1_131' title='bbox 648 1906 888 1997; x_wconf 87' lang='grc' dir='ltr'><strong><em>πρυτανεάματιι</em></strong></span> <span class='ocrx_word' id='word_1_132' title='bbox 911 1912 962 1974; x_wconf 81' lang='grc' dir='ltr'><strong><em>καί</em></strong></span> <span class='ocrx_word' id='word_1_133' title='bbox 986 1909 1141 1985; x_wconf 79' lang='grc' dir='ltr'><strong><em>ἀντίδοσις</em></strong></span> 
     </span>
     <span class='ocr_line' id='line_1_17' title="bbox 50 2007 1142 2098; baseline 0.004 -26"><span class='ocrx_word' id='word_1_134' title='bbox 50 2015 107 2073; x_wconf 83' lang='grc' dir='ltr'>τῶν</span> <span class='ocrx_word' id='word_1_135' title='bbox 127 2011 324 2094; x_wconf 78' lang='grc' dir='ltr'><strong><em>βεβιωμένων</em></strong></span> <span class='ocrx_word' id='word_1_136' title='bbox 347 2015 485 2098; x_wconf 79' lang='grc' dir='ltr'><strong><em>φροῦδος</em></strong></span> <span class='ocrx_word' id='word_1_137' title='bbox 504 2013 711 2098; x_wconf 65' lang='grc' dir='ltr'><strong><em>καθέστηκεν,</em></strong></span> <span class='ocrx_word' id='word_1_138' title='bbox 739 2012 794 2080; x_wconf 78' lang='lat' dir='ltr'>oris</span> <span class='ocrx_word' id='word_1_139' title='bbox 811 2007 994 2096; x_wconf 86' lang='grc' dir='ltr'><strong><em>έπιλη’σομαι</em></strong></span> <span class='ocrx_word' id='word_1_140' title='bbox 1011 2018 1068 2095; x_wconf 84' lang='grc' dir='ltr'>τῆς</span> <span class='ocrx_word' id='word_1_141' title='bbox 1078 2017 1142 2093; x_wconf 84' lang='grc' dir='ltr'><strong><em>βα-</em></strong></span> 
     </span>
     <span class='ocr_line' id='line_1_18' title="bbox 51 2112 1141 2209; baseline 0.005 -35"><span class='ocrx_word' id='word_1_142' title='bbox 51 2118 166 2196; x_wconf 79' lang='grc' dir='ltr'><strong><em>σιλικῆς</em></strong></span> <span class='ocrx_word' id='word_1_143' title='bbox 179 2112 306 2197; x_wconf 84' lang='grc' dir='ltr'><strong><em>ἀρετῆς,</em></strong></span> <span class='ocrx_word' id='word_1_144' title='bbox 329 2114 402 2179; x_wconf 80' lang='grc' dir='ltr'><strong><em>ἀλλ’</em></strong></span> <span class='ocrx_word' id='word_1_145' title='bbox 419 2115 520 2209; x_wconf 81' lang='grc' dir='ltr'><strong><em>εόνοίη</em></strong></span> <span class='ocrx_word' id='word_1_146' title='bbox 534 2122 590 2201; x_wconf 74' lang='grc' dir='ltr'>τῆς</span> <span class='ocrx_word' id='word_1_147' title='bbox 603 2122 659 2183; x_wconf 86' lang='grc' dir='ltr'><strong><em>τοῦ</em></strong></span> <span class='ocrx_word' id='word_1_148' title='bbox 673 2116 776 2203; x_wconf 80' lang='grc' dir='ltr'><strong><em>γένους</em></strong></span> <span class='ocrx_word' id='word_1_149' title='bbox 790 2112 968 2191; x_wconf 90' lang='grc' dir='ltr'><strong><em>συστάσεως</em></strong></span> <span class='ocrx_word' id='word_1_150' title='bbox 981 2115 1021 2181; x_wconf 90' lang='grc' dir='ltr'><strong><em>τά</em></strong></span> <span class='ocrx_word' id='word_1_151' title='bbox 1036 2116 1141 2180; x_wconf 86' lang='grc' dir='ltr'><strong><em>συνοί-</em></strong></span> 
     </span>
     <span class='ocr_line' id='line_1_19' title="bbox 50 2214 1140 2310; baseline 0.004 -33"><span class='ocrx_word' id='word_1_152' title='bbox 50 2238 143 2281; x_wconf 90' lang='grc' dir='ltr'><strong><em>σοντα</em></strong></span> <span class='ocrx_word' id='word_1_153' title='bbox 158 2223 197 2302; x_wconf 77' lang='grc' dir='ltr'>τῇ</span> <span class='ocrx_word' id='word_1_154' title='bbox 209 2222 342 2301; x_wconf 81' lang='grc' dir='ltr'><strong><em>Περσῶν</em></strong></span> <span class='ocrx_word' id='word_1_155' title='bbox 357 2220 492 2310; x_wconf 79' lang='grc' dir='ltr'><strong><em>πολιτείφ</em></strong></span> <span class='ocrx_word' id='word_1_156' title='bbox 507 2220 638 2304; x_wconf 77' lang='grc' dir='ltr'><strong><em>διέξειμι.</em></strong></span> <span class='ocrx_word' id='word_1_157' title='bbox 681 2219 791 2306; x_wconf 87' lang='grc' dir='ltr'><strong><em>ἀνδρες</em></strong></span> <span class='ocrx_word' id='word_1_158' title='bbox 802 2215 978 2303; x_wconf 91' lang='grc' dir='ltr'><strong><em>σατράπαι,</em></strong></span> <span class='ocrx_word' id='word_1_159' title='bbox 1005 2220 1057 2281; x_wconf 83' lang='grc' dir='ltr'><strong><em>καί</em></strong></span> <span class='ocrx_word' id='word_1_160' title='bbox 1071 2214 1140 2283; x_wconf 74' lang='lat' dir='ltr'>inor</span> 
     </span>
     <span class='ocr_line' id='line_1_20' title="bbox 52 2312 1257 2409; baseline 0.006 -29"><span class='ocrx_word' id='word_1_161' title='bbox 52 2321 112 2403; x_wconf 85' lang='grc' dir='ltr'><strong><em>περί</em></strong></span> <span class='ocrx_word' id='word_1_162' title='bbox 137 2318 191 2383; x_wconf 87' lang='grc' dir='ltr'>τάν</span> <span class='ocrx_word' id='word_1_163' title='bbox 215 2322 370 2400; x_wconf 87' lang='grc' dir='ltr'><strong><em>βασίλειον</em></strong></span> <span class='ocrx_word' id='word_1_164' title='bbox 391 2325 513 2387; x_wconf 79' lang='grc' dir='ltr'><strong><em>τουτονί</em></strong></span> <span class='ocrx_word' id='word_1_165' title='bbox 535 2324 788 2409; x_wconf 76' lang='grc' dir='ltr'><strong><em>συνηθροίσδητε</em></strong></span> <span class='ocrx_word' id='word_1_166' title='bbox 805 2328 926 2407; x_wconf 87' lang='grc' dir='ltr'><strong><em>χῶρον,</em></strong></span> <span class='ocrx_word' id='word_1_167' title='bbox 956 2318 1043 2385; x_wconf 89' lang='grc' dir='ltr'><strong><em>κοινά</em></strong></span> <span class='ocrx_word' id='word_1_168' title='bbox 1058 2320 1179 2387; x_wconf 71' lang='lat' dir='ltr'>nutriti</span> <span class='ocrx_word' id='word_1_169' title='bbox 1255 2312 1257 2315; x_wconf 35' lang='grc'>’</span> 
     </span>
     <span class='ocr_line' id='line_1_21' title="bbox 19 2421 1141 2511; baseline 0.006 -29"><span class='ocrx_word' id='word_1_170' title='bbox 19 2426 101 2504; x_wconf 62' lang='lat' dir='ltr'>dissic</span> <span class='ocrx_word' id='word_1_171' title='bbox 116 2423 298 2507; x_wconf 82' lang='grc' dir='ltr'><strong><em>τυραννίδος</em></strong></span> <span class='ocrx_word' id='word_1_172' title='bbox 310 2421 576 2508; x_wconf 79' lang='grc' dir='ltr'><strong><em>στραταλογήσατε</em></strong></span> <span class='ocrx_word' id='word_1_173' title='bbox 592 2422 750 2511; x_wconf 75' lang='grc' dir='ltr'><strong><em>δόγματα,</em></strong></span> <span class='ocrx_word' id='word_1_174' title='bbox 773 2428 819 2508; x_wconf 78' lang='grc' dir='ltr'><strong><em>μὴ</em></strong></span> <span class='ocrx_word' id='word_1_175' title='bbox 839 2427 1037 2509; x_wconf 78' lang='grc' dir='ltr'><strong><em>περιορῶντες</em></strong></span> <span class='ocrx_word' id='word_1_176' title='bbox 1056 2422 1088 2497; x_wconf 79' lang='grc' dir='ltr'>ές</span> <span class='ocrx_word' id='word_1_177' title='bbox 1102 2422 1141 2489; x_wconf 78' lang='grc' dir='ltr'>τό</span> 
     </span>
     <span class='ocr_line' id='line_1_22' title="bbox 52 2515 1137 2616; baseline 0.003 -30"><span class='ocrx_word' id='word_1_178' title='bbox 52 2523 152 2590; x_wconf 82' lang='grc' dir='ltr'><strong><em>λοιπόν</em></strong></span> <span class='ocrx_word' id='word_1_179' title='bbox 181 2521 402 2611; x_wconf 71' lang='grc' dir='ltr'><strong><em>ἐπηρεάζεσθαι</em></strong></span> <span class='ocrx_word' id='word_1_180' title='bbox 426 2530 585 2607; x_wconf 89' lang='grc' dir='ltr'><strong><em>βασιλείαν</em></strong></span> <span class='ocrx_word' id='word_1_181' title='bbox 614 2526 757 2616; x_wconf 80' lang='grc' dir='ltr'><strong><em>όπερφυᾶ</em></strong></span> <span class='ocrx_word' id='word_1_182' title='bbox 780 2551 813 2592; x_wconf 93' lang='grc' dir='ltr'>τε</span> <span class='ocrx_word' id='word_1_183' title='bbox 834 2515 887 2592; x_wconf 75' lang='lat' dir='ltr'>isui</span> <span class='ocrx_word' id='word_1_184' title='bbox 905 2521 1137 2609; x_wconf 87' lang='grc' dir='ltr'><strong><em>δυνατωτάτην,</em></strong></span> 
     </span>
     <span class='ocr_line' id='line_1_23' title="bbox 51 2623 1139 2717; baseline 0.004 -28"><span class='ocrx_word' id='word_1_185' title='bbox 51 2623 235 2711; x_wconf 85' lang='grc' dir='ltr'><strong><em>πρεσβότιδά</em></strong></span> <span class='ocrx_word' id='word_1_186' title='bbox 249 2652 282 2695; x_wconf 84' lang='grc' dir='ltr'>τε</span> <span class='ocrx_word' id='word_1_187' title='bbox 297 2630 347 2694; x_wconf 78' lang='grc' dir='ltr'><strong><em>καί</em></strong></span> <span class='ocrx_word' id='word_1_188' title='bbox 362 2626 583 2717; x_wconf 87' lang='grc' dir='ltr'><strong><em>φοβερωτάτην</em></strong></span> <span class='ocrx_word' id='word_1_189' title='bbox 594 2640 659 2707; x_wconf 76' lang='grc' dir='ltr'><strong><em>τοῖς</em></strong></span> <span class='ocrx_word' id='word_1_190' title='bbox 672 2630 730 2713; x_wconf 77' lang='grc' dir='ltr'>τὴν</span> <span class='ocrx_word' id='word_1_191' title='bbox 742 2629 921 2714; x_wconf 73' lang='grc' dir='ltr'><strong><em>οἰκουμένην</em></strong></span> <span class='ocrx_word' id='word_1_192' title='bbox 935 2628 1071 2693; x_wconf 79' lang='grc' dir='ltr'><strong><em>οίκοῦσιν</em></strong></span> <span class='ocrx_word' id='word_1_193' title='bbox 1082 2626 1139 2693; x_wconf 86' lang='grc' dir='ltr'>ἀν-</span> 
     </span>
    </p>
   </div>
   <div class='ocr_carea' id='block_1_3' title="bbox 52 2822 1257 4343">
    <p class='ocr_par' dir='ltr' id='par_1_3' title="bbox 52 2822 1257 4343">
     <span class='ocr_line' id='line_1_24' title="bbox 52 2822 1139 2892; baseline 0.006 -19"><span class='ocrx_word' id='word_1_194' title='bbox 52 2830 173 2890; x_wconf 78' lang='lat' dir='ltr'>unguente</span> <span class='ocrx_word' id='word_1_195' title='bbox 198 2823 331 2892; x_wconf 75' lang='lat' dir='ltr'>spirabat,</span> <span class='ocrx_word' id='word_1_196' title='bbox 355 2841 424 2876; x_wconf 86' lang='lat' dir='ltr'>nnnc</span> <span class='ocrx_word' id='word_1_197' title='bbox 439 2828 569 2878; x_wconf 85' lang='lat' dir='ltr'>trontatnr</span> <span class='ocrx_word' id='word_1_198' title='bbox 586 2826 732 2878; x_wconf 74' lang='lat' dir='ltr'>foedissime</span> <span class='ocrx_word' id='word_1_199' title='bbox 748 2829 776 2878; x_wconf 90' lang='lat' dir='ltr'>et</span> <span class='ocrx_word' id='word_1_200' title='bbox 793 2822 945 2890; x_wconf 66' lang='lat' dir='ltr'>duriori-e,</span> <span class='ocrx_word' id='word_1_201' title='bbox 968 2822 1139 2892; x_wconf 66' lang='lat' dir='ltr'>sordibusque</span> 
     </span>
     <span class='ocr_line' id='line_1_25' title="bbox 52 2892 1138 2963; baseline 0.002 -20"><span class='ocrx_word' id='word_1_202' title='bbox 52 2908 79 2943; x_wconf 82' lang='lat' dir='ltr'>uc</span> <span class='ocrx_word' id='word_1_203' title='bbox 99 2893 219 2960; x_wconf 84' lang='lat' dir='ltr'>puivere,</span> <span class='ocrx_word' id='word_1_204' title='bbox 245 2901 274 2945; x_wconf 88' lang='lat' dir='ltr'>et</span> <span class='ocrx_word' id='word_1_205' title='bbox 289 2892 369 2945; x_wconf 83' lang='lat' dir='ltr'>oculis</span> <span class='ocrx_word' id='word_1_206' title='bbox 386 2894 544 2947; x_wconf 81' lang='lat' dir='ltr'>lacrimarum</span> <span class='ocrx_word' id='word_1_207' title='bbox 562 2911 594 2946; x_wconf 87' lang='lat' dir='ltr'>au</span> <span class='ocrx_word' id='word_1_208' title='bbox 611 2894 722 2963; x_wconf 74' lang='lat' dir='ltr'>pituitae</span> <span class='ocrx_word' id='word_1_209' title='bbox 746 2893 902 2961; x_wconf 80' lang='lat' dir='ltr'>profluentis</span> <span class='ocrx_word' id='word_1_210' title='bbox 919 2908 985 2961; x_wconf 88' lang='lat' dir='ltr'>pene</span> <span class='ocrx_word' id='word_1_211' title='bbox 1001 2892 1138 2959; x_wconf 73' lang='lat' dir='ltr'>concretis,</span> 
     </span>
     <span class='ocr_line' id='line_1_26' title="bbox 53 2960 1137 3030; baseline 0.005 -20"><span class='ocrx_word' id='word_1_212' title='bbox 53 2967 76 3010; x_wconf 89' lang='lat' dir='ltr'>et</span> <span class='ocrx_word' id='word_1_213' title='bbox 93 2960 266 3029; x_wconf 80' lang='lat' dir='ltr'><strong>implicatione</strong></span> <span class='ocrx_word' id='word_1_214' title='bbox 291 2962 397 3013; x_wconf 83' lang='lat' dir='ltr'>eriniunr</span> <span class='ocrx_word' id='word_1_215' title='bbox 421 2969 490 3015; x_wconf 83' lang='lat' dir='ltr'>totus</span> <span class='ocrx_word' id='word_1_216' title='bbox 513 2962 630 3015; x_wconf 83' lang='lat' dir='ltr'>horridus</span> <span class='ocrx_word' id='word_1_217' title='bbox 653 2969 680 3013; x_wconf 90' lang='lat' dir='ltr'>et</span> <span class='ocrx_word' id='word_1_218' title='bbox 702 2962 826 3013; x_wconf 72' lang='lat' dir='ltr'>efferatus</span> <span class='ocrx_word' id='word_1_219' title='bbox 842 2960 971 3014; x_wconf 73' lang='lat' dir='ltr'>redditur.</span> <span class='ocrx_word' id='word_1_220' title='bbox 1007 2960 1052 3030; x_wconf 89' lang='lat' dir='ltr'>qui</span> <span class='ocrx_word' id='word_1_221' title='bbox 1068 2961 1137 3015; x_wconf 83' lang='lat' dir='ltr'>nriiie</span> 
     </span>
     <span class='ocr_line' id='line_1_27' title="bbox 52 3028 1137 3099; baseline 0.004 -20"><span class='ocrx_word' id='word_1_222' title='bbox 52 3028 197 3084; x_wconf 84' lang='lat' dir='ltr'>ierouiornur</span> <span class='ocrx_word' id='word_1_223' title='bbox 214 3030 353 3099; x_wconf 77' lang='lat' dir='ltr'>generibus</span> <span class='ocrx_word' id='word_1_224' title='bbox 365 3030 521 3097; x_wconf 74' lang='lat' dir='ltr'>invehatur,</span> <span class='ocrx_word' id='word_1_225' title='bbox 549 3048 616 3083; x_wconf 85' lang='lat' dir='ltr'>nunu</span> <span class='ocrx_word' id='word_1_226' title='bbox 633 3031 703 3083; x_wconf 84' lang='lat' dir='ltr'>victu</span> <span class='ocrx_word' id='word_1_227' title='bbox 721 3039 794 3083; x_wconf 80' lang='lat' dir='ltr'>reret</span> <span class='ocrx_word' id='word_1_228' title='bbox 809 3036 839 3083; x_wconf 85' lang='lat' dir='ltr'>et</span> <span class='ocrx_word' id='word_1_229' title='bbox 854 3038 954 3082; x_wconf 80' lang='lat' dir='ltr'>tantun</span> <span class='ocrx_word' id='word_1_230' title='bbox 969 3046 1021 3082; x_wconf 87' lang='lat' dir='ltr'>nun</span> <span class='ocrx_word' id='word_1_231' title='bbox 1038 3029 1137 3083; x_wconf 76' lang='lat' dir='ltr'>cibario</span> 
     </span>
     <span class='ocr_line' id='line_1_28' title="bbox 53 3097 1139 3169; baseline 0.002 -19"><span class='ocrx_word' id='word_1_232' title='bbox 53 3114 112 3165; x_wconf 88' lang='lat' dir='ltr'>pene</span> <span class='ocrx_word' id='word_1_233' title='bbox 129 3105 199 3167; x_wconf 79' lang='lat' dir='ltr'>eget.</span> <span class='ocrx_word' id='word_1_234' title='bbox 236 3098 279 3169; x_wconf 92' lang='lat' dir='ltr'>qui</span> <span class='ocrx_word' id='word_1_235' title='bbox 296 3098 324 3151; x_wconf 88' lang='lat' dir='ltr'>in</span> <span class='ocrx_word' id='word_1_236' title='bbox 340 3099 457 3154; x_wconf 73' lang='lat' dir='ltr'>thetonis</span> <span class='ocrx_word' id='word_1_237' title='bbox 479 3100 633 3152; x_wconf 84' lang='lat' dir='ltr'>versabatur</span> <span class='ocrx_word' id='word_1_238' title='bbox 648 3098 774 3151; x_wconf 73' lang='lat' dir='ltr'>inauratis</span> <span class='ocrx_word' id='word_1_239' title='bbox 791 3107 820 3150; x_wconf 90' lang='lat' dir='ltr'>et</span> <span class='ocrx_word' id='word_1_240' title='bbox 834 3098 861 3150; x_wconf 93' lang='lat' dir='ltr'>in</span> <span class='ocrx_word' id='word_1_241' title='bbox 878 3098 954 3151; x_wconf 86' lang='lat' dir='ltr'>ieutis</span> <span class='ocrx_word' id='word_1_242' title='bbox 969 3097 1074 3151; x_wconf 79' lang='lat' dir='ltr'>iacebat</span> <span class='ocrx_word' id='word_1_243' title='bbox 1090 3114 1139 3152; x_wconf 85' lang='lat' dir='ltr'>en·</span> 
     </span>
     <span class='ocr_line' id='line_1_29' title="bbox 52 3166 1137 3237; baseline 0.003 -20"><span class='ocrx_word' id='word_1_244' title='bbox 52 3167 97 3219; x_wconf 86' lang='lat' dir='ltr'>reis</span> <span class='ocrx_word' id='word_1_245' title='bbox 111 3167 238 3233; x_wconf 84' lang='lat' dir='ltr'>noiiiter,</span> <span class='ocrx_word' id='word_1_246' title='bbox 256 3167 388 3237; x_wconf 70' lang='lat' dir='ltr'>pendebat</span> <span class='ocrx_word' id='word_1_247' title='bbox 407 3186 440 3221; x_wconf 91' lang='lat' dir='ltr'>ue</span> <span class='ocrx_word' id='word_1_248' title='bbox 456 3167 579 3237; x_wconf 86' lang='lat' dir='ltr'>strugniis</span> <span class='ocrx_word' id='word_1_249' title='bbox 595 3168 767 3236; x_wconf 66' lang='lat' dir='ltr'>fulgentibus,</span> <span class='ocrx_word' id='word_1_250' title='bbox 790 3177 818 3219; x_wconf 89' lang='lat' dir='ltr'>et</span> <span class='ocrx_word' id='word_1_251' title='bbox 833 3168 1008 3219; x_wconf 79' lang='lat' dir='ltr'>enervabatnr</span> <span class='ocrx_word' id='word_1_252' title='bbox 1023 3166 1050 3219; x_wconf 89' lang='lat' dir='ltr'>in</span> <span class='ocrx_word' id='word_1_253' title='bbox 1066 3183 1137 3220; x_wconf 81' lang='lat' dir='ltr'>sen-</span> 
     </span>
     <span class='ocr_line' id='line_1_30' title="bbox 53 3234 1136 3302; baseline 0.003 -16"><span class='ocrx_word' id='word_1_254' title='bbox 53 3236 143 3302; x_wconf 83' lang='lat' dir='ltr'>ptuosis</span> <span class='ocrx_word' id='word_1_255' title='bbox 160 3236 294 3300; x_wconf 80' lang='lat' dir='ltr'>anticulis,</span> <span class='ocrx_word' id='word_1_256' title='bbox 310 3254 378 3290; x_wconf 87' lang='lat' dir='ltr'>nunu</span> <span class='ocrx_word' id='word_1_257' title='bbox 395 3254 421 3289; x_wconf 88' lang='lat' dir='ltr'>rn</span> <span class='ocrx_word' id='word_1_258' title='bbox 438 3254 544 3291; x_wconf 78' lang='lat' dir='ltr'>uerrere</span> <span class='ocrx_word' id='word_1_259' title='bbox 561 3246 709 3301; x_wconf 73' lang='lat' dir='ltr'>coartatur,</span> <span class='ocrx_word' id='word_1_260' title='bbox 726 3236 795 3288; x_wconf 77' lang='lat' dir='ltr'>trunti</span> <span class='ocrx_word' id='word_1_261' title='bbox 812 3236 907 3299; x_wconf 82' lang='lat' dir='ltr'>cubat,</span> <span class='ocrx_word' id='word_1_262' title='bbox 923 3253 972 3289; x_wconf 83' lang='lat' dir='ltr'>neo</span> <span class='ocrx_word' id='word_1_263' title='bbox 989 3234 1028 3287; x_wconf 87' lang='lat' dir='ltr'>iiii</span> <span class='ocrx_word' id='word_1_264' title='bbox 1044 3235 1136 3289; x_wconf 77' lang='lat' dir='ltr'>suiten</span> 
     </span>
     <span class='ocr_line' id='line_1_31' title="bbox 52 3302 1135 3374; baseline 0.005 -21"><span class='ocrx_word' id='word_1_265' title='bbox 52 3302 126 3357; x_wconf 81' lang='lat' dir='ltr'>uiiinn</span> <span class='ocrx_word' id='word_1_266' title='bbox 141 3306 351 3373; x_wconf 76' lang='lat' dir='ltr'>vestimentorum</span> <span class='ocrx_word' id='word_1_267' title='bbox 368 3306 452 3359; x_wconf 86' lang='lat' dir='ltr'>irnsta</span> <span class='ocrx_word' id='word_1_268' title='bbox 468 3306 500 3358; x_wconf 91' lang='lat' dir='ltr'>ad</span> <span class='ocrx_word' id='word_1_269' title='bbox 518 3306 650 3358; x_wconf 83' lang='lat' dir='ltr'>velandum</span> <span class='ocrx_word' id='word_1_270' title='bbox 667 3322 762 3373; x_wconf 83' lang='lat' dir='ltr'>corpus</span> <span class='ocrx_word' id='word_1_271' title='bbox 776 3304 952 3374; x_wconf 78' lang='lat' dir='ltr'>suppeditent</span> <span class='ocrx_word' id='word_1_272' title='bbox 979 3304 1041 3374; x_wconf 87' lang='lat' dir='ltr'>quin</span> <span class='ocrx_word' id='word_1_273' title='bbox 1056 3305 1135 3358; x_wconf 78' lang='lat' dir='ltr'>etiem</span> 
     </span>
     <span class='ocr_line' id='line_1_32' title="bbox 53 3372 1135 3445; baseline 0.003 -22"><span class='ocrx_word' id='word_1_274' title='bbox 53 3372 164 3428; x_wconf 68' lang='lat' dir='ltr'>naiore-</span> <span class='ocrx_word' id='word_1_275' title='bbox 181 3391 294 3428; x_wconf 83' lang='lat' dir='ltr'>rneornrn</span> <span class='ocrx_word' id='word_1_276' title='bbox 312 3375 392 3427; x_wconf 82' lang='lat' dir='ltr'>denus</span> <span class='ocrx_word' id='word_1_277' title='bbox 412 3383 439 3427; x_wconf 88' lang='lat' dir='ltr'>et</span> <span class='ocrx_word' id='word_1_278' title='bbox 454 3376 561 3443; x_wconf 83' lang='lat' dir='ltr'>glorian</span> <span class='ocrx_word' id='word_1_279' title='bbox 578 3375 657 3428; x_wconf 86' lang='lat' dir='ltr'>hodie</span> <span class='ocrx_word' id='word_1_280' title='bbox 674 3392 721 3445; x_wconf 85' lang='lat' dir='ltr'>per</span> <span class='ocrx_word' id='word_1_281' title='bbox 738 3392 785 3441; x_wconf 89' lang='lat' dir='ltr'>ee,</span> <span class='ocrx_word' id='word_1_282' title='bbox 802 3391 869 3443; x_wconf 81' lang='lat' dir='ltr'>qnae</span> <span class='ocrx_word' id='word_1_283' title='bbox 886 3375 913 3425; x_wconf 93' lang='lat' dir='ltr'>in</span> <span class='ocrx_word' id='word_1_284' title='bbox 930 3390 977 3426; x_wconf 87' lang='lat' dir='ltr'>nos</span> <span class='ocrx_word' id='word_1_285' title='bbox 992 3372 1071 3443; x_wconf 80' lang='lat' dir='ltr'>inpie</span> <span class='ocrx_word' id='word_1_286' title='bbox 1088 3372 1135 3426; x_wconf 87' lang='lat' dir='ltr'>‹ie-</span> 
     </span>
     <span class='ocr_line' id='line_1_33' title="bbox 54 3440 1257 3513; baseline 0.002 -21"><span class='ocrx_word' id='word_1_287' title='bbox 54 3440 179 3509; x_wconf 80' lang='lat' dir='ltr'>signustis,</span> <span class='ocrx_word' id='word_1_288' title='bbox 201 3444 385 3497; x_wconf 78' lang='lat' dir='ltr'>contumeliose</span> <span class='ocrx_word' id='word_1_289' title='bbox 402 3444 500 3513; x_wconf 80' lang='lat' dir='ltr'>despici</span> <span class='ocrx_word' id='word_1_290' title='bbox 518 3446 610 3505; x_wconf 80' lang='lat' dir='ltr'>uideo,</span> <span class='ocrx_word' id='word_1_291' title='bbox 634 3460 699 3512; x_wconf 84' lang='lat' dir='ltr'>qnos</span> <span class='ocrx_word' id='word_1_292' title='bbox 716 3443 855 3495; x_wconf 85' lang='lat' dir='ltr'>honoribus</span> <span class='ocrx_word' id='word_1_293' title='bbox 872 3442 958 3495; x_wconf 82' lang='lat' dir='ltr'>coiere</span> <span class='ocrx_word' id='word_1_294' title='bbox 974 3441 1136 3511; x_wconf 82' lang='lat' dir='ltr'>sempiternis</span> <span class='ocrx_word' id='word_1_295' title='bbox 1253 3457 1257 3463; x_wconf 87' lang='grc'>’</span> 
     </span>
     <span class='ocr_line' id='line_1_34' title="bbox 53 3510 1135 3583; baseline 0.003 -22"><span class='ocrx_word' id='word_1_296' title='bbox 53 3513 194 3578; x_wconf 71' lang='lat' dir='ltr'>oportebat,</span> <span class='ocrx_word' id='word_1_297' title='bbox 221 3521 251 3566; x_wconf 94' lang='lat' dir='ltr'>ut</span> <span class='ocrx_word' id='word_1_298' title='bbox 275 3528 360 3565; x_wconf 88' lang='lat' dir='ltr'>eornrn</span> <span class='ocrx_word' id='word_1_299' title='bbox 383 3511 520 3582; x_wconf 88' lang='lat' dir='ltr'>nepotibus</span> <span class='ocrx_word' id='word_1_300' title='bbox 542 3512 691 3583; x_wconf 73' lang='lat' dir='ltr'>quotidinae</span> <span class='ocrx_word' id='word_1_301' title='bbox 712 3519 741 3564; x_wconf 87' lang='lat' dir='ltr'>et</span> <span class='ocrx_word' id='word_1_302' title='bbox 766 3518 875 3581; x_wconf 82' lang='lat' dir='ltr'>auguste</span> <span class='ocrx_word' id='word_1_303' title='bbox 897 3510 1037 3565; x_wconf 78' lang='lat' dir='ltr'>satellitum</span> <span class='ocrx_word' id='word_1_304' title='bbox 1054 3518 1135 3581; x_wconf 84' lang='lat' dir='ltr'>etque</span> 
     </span>
     <span class='ocr_line' id='line_1_35' title="bbox 53 3579 1134 3651; baseline 0 -18"><span class='ocrx_word' id='word_1_305' title='bbox 53 3583 174 3633; x_wconf 70' lang='lat' dir='ltr'>mudum</span> <span class='ocrx_word' id='word_1_306' title='bbox 199 3581 329 3651; x_wconf 83' lang='lat' dir='ltr'>praesidis</span> <span class='ocrx_word' id='word_1_307' title='bbox 353 3581 554 3636; x_wconf 83' lang='lat' dir='ltr'>ooustitueretis.</span> <span class='ocrx_word' id='word_1_308' title='bbox 589 3582 635 3635; x_wconf 84' lang='lat' dir='ltr'>sed</span> <span class='ocrx_word' id='word_1_309' title='bbox 660 3598 729 3647; x_wconf 84' lang='lat' dir='ltr'>quen</span> <span class='ocrx_word' id='word_1_310' title='bbox 747 3596 804 3634; x_wconf 83' lang='lat' dir='ltr'>usn</span> <span class='ocrx_word' id='word_1_311' title='bbox 830 3579 900 3651; x_wconf 87' lang='lat' dir='ltr'>apud</span> <span class='ocrx_word' id='word_1_312' title='bbox 917 3595 966 3633; x_wconf 83' lang='lat' dir='ltr'>uos</span> <span class='ocrx_word' id='word_1_313' title='bbox 982 3587 1010 3632; x_wconf 90' lang='lat' dir='ltr'>et</span> <span class='ocrx_word' id='word_1_314' title='bbox 1025 3586 1134 3633; x_wconf 83' lang='lat' dir='ltr'>naturae</span> 
     </span>
     <span class='ocr_line' id='line_1_36' title="bbox 53 3599 1132 3720; baseline 0.002 -21"><span class='ocrx_word' id='word_1_315' title='bbox 53 3646 88 3700; x_wconf 87' lang='lat' dir='ltr'>irs</span> <span class='ocrx_word' id='word_1_316' title='bbox 109 3666 224 3704; x_wconf 82' lang='lat' dir='ltr'>euersum</span> <span class='ocrx_word' id='word_1_317' title='bbox 246 3658 301 3714; x_wconf 88' lang='lat' dir='ltr'>est,</span> <span class='ocrx_word' id='word_1_318' title='bbox 327 3660 354 3703; x_wconf 85' lang='lat' dir='ltr'>et</span> <span class='ocrx_word' id='word_1_319' title='bbox 375 3658 490 3720; x_wconf 82' lang='lat' dir='ltr'>potestus</span> <span class='ocrx_word' id='word_1_320' title='bbox 513 3652 597 3719; x_wconf 77' lang='lat' dir='ltr'>legum</span> <span class='ocrx_word' id='word_1_321' title='bbox 620 3650 683 3703; x_wconf 85' lang='lat' dir='ltr'>nihii</span> <span class='ocrx_word' id='word_1_322' title='bbox 705 3599 791 3713; x_wconf 58' lang='grc' dir='ltr'><strong><em>τότε,</em></strong></span> <span class='ocrx_word' id='word_1_323' title='bbox 815 3656 845 3702; x_wconf 88' lang='lat' dir='ltr'>et</span> <span class='ocrx_word' id='word_1_324' title='bbox 867 3655 953 3703; x_wconf 85' lang='lat' dir='ltr'>status</span> <span class='ocrx_word' id='word_1_325' title='bbox 969 3648 1132 3701; x_wconf 76' lang='lat' dir='ltr'>nunuohiae</span> 
     </span>
     <span class='ocr_line' id='line_1_37' title="bbox 53 3716 1132 3789; baseline -0.001 -19"><span class='ocrx_word' id='word_1_326' title='bbox 53 3718 93 3770; x_wconf 80' lang='lat' dir='ltr'>snb</span> <span class='ocrx_word' id='word_1_327' title='bbox 107 3720 189 3789; x_wconf 88' lang='lat' dir='ltr'>pedes</span> <span class='ocrx_word' id='word_1_328' title='bbox 197 3720 335 3775; x_wconf 56' lang='lat' dir='ltr'>xsubiectus</span> <span class='ocrx_word' id='word_1_329' title='bbox 351 3728 380 3773; x_wconf 84' lang='lat' dir='ltr'>et</span> <span class='ocrx_word' id='word_1_330' title='bbox 395 3718 509 3774; x_wconf 84' lang='lat' dir='ltr'>iustitiae</span> <span class='ocrx_word' id='word_1_331' title='bbox 527 3720 666 3789; x_wconf 73' lang='lat' dir='ltr'>profligate</span> <span class='ocrx_word' id='word_1_332' title='bbox 682 3717 871 3773; x_wconf 70' lang='lat' dir='ltr'>administratio</span> <span class='ocrx_word' id='word_1_333' title='bbox 887 3726 916 3771; x_wconf 88' lang='lat' dir='ltr'>et</span> <span class='ocrx_word' id='word_1_334' title='bbox 931 3733 1017 3770; x_wconf 78' lang='lat' dir='ltr'>rernm</span> <span class='ocrx_word' id='word_1_335' title='bbox 1033 3717 1061 3769; x_wconf 90' lang='lat' dir='ltr'>in</span> <span class='ocrx_word' id='word_1_336' title='bbox 1076 3716 1132 3771; x_wconf 81' lang='lat' dir='ltr'>vita</span> 
     </span>
     <span class='ocr_line' id='line_1_38' title="bbox 53 3784 1132 3857; baseline 0 -19"><span class='ocrx_word' id='word_1_337' title='bbox 53 3784 108 3840; x_wconf 82' lang='lat' dir='ltr'>bene</span> <span class='ocrx_word' id='word_1_338' title='bbox 130 3796 263 3857; x_wconf 81' lang='lat' dir='ltr'>gesturum</span> <span class='ocrx_word' id='word_1_339' title='bbox 287 3786 405 3857; x_wconf 77' lang='lat' dir='ltr'>relegata</span> <span class='ocrx_word' id='word_1_340' title='bbox 424 3789 610 3855; x_wconf 83' lang='lat' dir='ltr'>remuneratio,</span> <span class='ocrx_word' id='word_1_341' title='bbox 637 3805 687 3841; x_wconf 93' lang='lat' dir='ltr'>non</span> <span class='ocrx_word' id='word_1_342' title='bbox 711 3788 849 3845; x_wconf 72' lang='lat' dir='ltr'>obliviscar</span> <span class='ocrx_word' id='word_1_343' title='bbox 864 3794 949 3840; x_wconf 70' lang='lat' dir='ltr'>tanen</span> <span class='ocrx_word' id='word_1_344' title='bbox 965 3784 1071 3839; x_wconf 80' lang='lat' dir='ltr'>virtutis</span> <span class='ocrx_word' id='word_1_345' title='bbox 1085 3802 1132 3838; x_wconf 89' lang='lat' dir='ltr'>re-</span> 
     </span>
     <span class='ocr_line' id='line_1_39' title="bbox 54 3852 1165 3925; baseline -0.002 -16"><span class='ocrx_word' id='word_1_346' title='bbox 54 3853 113 3922; x_wconf 64' lang='lat' dir='ltr'>g&#39;ee,</span> <span class='ocrx_word' id='word_1_347' title='bbox 135 3858 183 3911; x_wconf 85' lang='lat' dir='ltr'>sed</span> <span class='ocrx_word' id='word_1_348' title='bbox 205 3858 384 3911; x_wconf 83' lang='lat' dir='ltr'>benevuientia</span> <span class='ocrx_word' id='word_1_349' title='bbox 401 3864 429 3909; x_wconf 89' lang='lat' dir='ltr'>et</span> <span class='ocrx_word' id='word_1_350' title='bbox 445 3875 530 3911; x_wconf 82' lang='lat' dir='ltr'>eruore</span> <span class='ocrx_word' id='word_1_351' title='bbox 547 3875 610 3925; x_wconf 77' lang='lat' dir='ltr'>erga</span> <span class='ocrx_word' id='word_1_352' title='bbox 628 3857 726 3909; x_wconf 76' lang='lat' dir='ltr'>Persici</span> <span class='ocrx_word' id='word_1_353' title='bbox 744 3854 847 3925; x_wconf 70' lang='lat' dir='ltr'>genens</span> <span class='ocrx_word' id='word_1_354' title='bbox 869 3853 1065 3909; x_wconf 77' lang='lat' dir='ltr'>uniuersitatem</span> <span class='ocrx_word' id='word_1_355' title='bbox 1081 3852 1132 3907; x_wconf 74' lang='lat' dir='ltr'>in-</span> <span class='ocrx_word' id='word_1_356' title='bbox 1161 3876 1165 3883; x_wconf 61' lang='lat'>¹</span> 
     </span>
     <span class='ocr_line' id='line_1_40' title="bbox 54 3921 1132 3997; baseline 0.004 -23"><span class='ocrx_word' id='word_1_357' title='bbox 54 3924 144 3991; x_wconf 83' lang='lat' dir='ltr'>priuos,</span> <span class='ocrx_word' id='word_1_358' title='bbox 160 3942 229 3997; x_wconf 86' lang='lat' dir='ltr'>qnae</span> <span class='ocrx_word' id='word_1_359' title='bbox 245 3927 410 3979; x_wconf 80' lang='lat' dir='ltr'>oonnrrniter</span> <span class='ocrx_word' id='word_1_360' title='bbox 426 3927 453 3981; x_wconf 89' lang='lat' dir='ltr'>in</span> <span class='ocrx_word' id='word_1_361' title='bbox 469 3942 522 3980; x_wconf 84' lang='lat' dir='ltr'>ren</span> <span class='ocrx_word' id='word_1_362' title='bbox 539 3928 597 3980; x_wconf 86' lang='lat' dir='ltr'>iore</span> <span class='ocrx_word' id='word_1_363' title='bbox 613 3926 744 3994; x_wconf 75' lang='lat' dir='ltr'>intelligo,</span> <span class='ocrx_word' id='word_1_364' title='bbox 760 3924 810 3979; x_wconf 77' lang='lat' dir='ltr'>iau</span> <span class='ocrx_word' id='word_1_365' title='bbox 826 3941 895 3977; x_wconf 86' lang='lat' dir='ltr'>none</span> <span class='ocrx_word' id='word_1_366' title='bbox 910 3922 1053 3994; x_wconf 81' lang='lat' dir='ltr'>axpiiusbo.</span> <span class='ocrx_word' id='word_1_367' title='bbox 1078 3921 1132 3978; x_wconf 79' lang='lat' dir='ltr'>riri</span> 
     </span>
     <span class='ocr_line' id='line_1_41' title="bbox 54 3990 1132 4065; baseline 0.001 -22"><span class='ocrx_word' id='word_1_368' title='bbox 54 3993 188 4065; x_wconf 79' lang='lat' dir='ltr'>principes,</span> <span class='ocrx_word' id='word_1_369' title='bbox 204 4005 233 4048; x_wconf 89' lang='lat' dir='ltr'>et</span> <span class='ocrx_word' id='word_1_370' title='bbox 248 4004 375 4065; x_wconf 85' lang='lat' dir='ltr'>quotquot</span> <span class='ocrx_word' id='word_1_371' title='bbox 391 3996 418 4047; x_wconf 87' lang='lat' dir='ltr'>in</span> <span class='ocrx_word' id='word_1_372' title='bbox 434 3998 501 4049; x_wconf 84' lang='lat' dir='ltr'>hane</span> <span class='ocrx_word' id='word_1_373' title='bbox 517 3995 616 4064; x_wconf 79' lang='lat' dir='ltr'>domun</span> <span class='ocrx_word' id='word_1_374' title='bbox 633 3996 732 4063; x_wconf 77' lang='lat' dir='ltr'>regine</span> <span class='ocrx_word' id='word_1_375' title='bbox 749 3996 841 4065; x_wconf 80' lang='lat' dir='ltr'>pedena</span> <span class='ocrx_word' id='word_1_376' title='bbox 857 3990 997 4061; x_wconf 78' lang='lat' dir='ltr'>sttuiistis,</span> <span class='ocrx_word' id='word_1_377' title='bbox 1019 4008 1132 4046; x_wconf 82' lang='lat' dir='ltr'>eonnn·</span> 
     </span>
     <span class='ocr_line' id='line_1_42' title="bbox 55 4059 1131 4147; baseline 0.006 -40"><span class='ocrx_word' id='word_1_378' title='bbox 55 4059 88 4112; x_wconf 88' lang='lat' dir='ltr'>nia</span> <span class='ocrx_word' id='word_1_379' title='bbox 106 4066 231 4118; x_wconf 78' lang='lat' dir='ltr'>adversus</span> <span class='ocrx_word' id='word_1_380' title='bbox 249 4063 411 4147; x_wconf 68' lang='lat' dir='ltr'>tprsnniden</span> <span class='ocrx_word' id='word_1_381' title='bbox 435 4065 540 4119; x_wconf 77' lang='lat' dir='ltr'>decreta</span> <span class='ocrx_word' id='word_1_382' title='bbox 562 4064 677 4129; x_wconf 76' lang='lat' dir='ltr'>sancite,</span> <span class='ocrx_word' id='word_1_383' title='bbox 701 4080 749 4116; x_wconf 82' lang='lat' dir='ltr'>nee</span> <span class='ocrx_word' id='word_1_384' title='bbox 770 4080 878 4133; x_wconf 74' lang='lat' dir='ltr'>regnu·</span> <span class='ocrx_word' id='word_1_385' title='bbox 900 4062 978 4135; x_wconf 64' lang='lat' dir='ltr'>iunge</span> <span class='ocrx_word' id='word_1_386' title='bbox 1001 4059 1131 4115; x_wconf 82' lang='lat' dir='ltr'>nobilissi-</span> 
     </span>
     <span class='ocr_line' id='line_1_43' title="bbox 55 4128 1132 4269; baseline 0.002 -17"><span class='ocrx_word' id='word_1_387' title='bbox 55 4128 1132 4269; x_wconf 46' lang='lat' dir='ltr'>:ttutiffittttttt‘iiiitttantistitii&amp;tiiittffinii</span> 
     </span>
     <span class='ocr_line' id='line_1_44' title="bbox 56 4265 1135 4343; baseline -0.003 -16"><span class='ocrx_word' id='word_1_388' title='bbox 56 4265 211 4343; x_wconf 64' lang='lat' dir='ltr'>innupto·</span> <span class='ocrx_word' id='word_1_389' title='bbox 226 4271 345 4327; x_wconf 78' lang='lat' dir='ltr'>erinium</span> <span class='ocrx_word' id='word_1_390' title='bbox 361 4272 519 4337; x_wconf 71' lang='grc' dir='ltr'><strong><em>δεεετυεείτ,</em></strong></span> <span class='ocrx_word' id='word_1_391' title='bbox 541 4266 678 4327; x_wconf 80' lang='grc' dir='ltr'><strong><em>ιυλῑάευιτ</em></strong></span> <span class='ocrx_word' id='word_1_392' title='bbox 692 4271 876 4343; x_wconf 65' lang='lat' dir='ltr'>triu-pirorum</span> <span class='ocrx_word' id='word_1_393' title='bbox 892 4272 1055 4325; x_wconf 67' lang='lat' dir='ltr'>monomenta</span> <span class='ocrx_word' id='word_1_394' title='bbox 1070 4283 1135 4324; x_wconf 78' lang='lat' dir='ltr'>tuu-</span> 
     </span>
    </p>
   </div>
   <div class='ocr_carea' id='block_1_4' title="bbox 0 0 1416 4742">
    <p class='ocr_par' dir='ltr' id='par_1_4' title="bbox 0 0 1416 4742">
     <span class='ocr_line' id='line_1_45' title="bbox 0 0 1416 4742; baseline 0 0"><span class='ocrx_word' id='word_1_395' title='bbox 0 0 1416 4742; x_wconf 95' lang='lat' dir='ltr'> </span> 
     </span>
    </p>
   </div>
  </div>
 </body>
</html>
