2817 4742
377 355 668 426 HISTORIARUM
691 353 719 425 Ι.
749 352 807 424 11.
835 353 891 422 12.
1128 347 1178 419 57

82 539 129 621 τῷ
160 528 292 618 φάρυγγι
317 529 391 605 τούς
410 531 442 594 ἓν
462 535 506 617 τῷ
527 523 670 616 τραχήλῳ
692 520 886 612 σφονδύλους
909 516 1181 609 ἀπαχχυνιζύμενας

83 637 286 720 ἀπεπείγεεο,
311 632 394 700 οὕτω
413 657 446 698 τε
466 631 520 697 τδν
536 629 634 713 ἀσεβῆ
650 630 880 712 κατεστρέψατο
894 629 981 709 βίον,
1008 630 1180 711 προτεθεα-

82 739 180 821 με’νσς
199 736 256 820 τήν
279 735 437 819 ἀποτομήν
459 741 514 800 τοῦ
535 727 660 807 παιδός·
684 723 723 815 ἦν
743 732 802 817 χάρ
822 730 977 816 μεταδούς
991 736 1035 820 τῷ
1050 729 1108 820 υἱῷ
1124 733 1181 810 τῆς

84 845 242 924 βδελυροῖς
255 843 306 907 καλ
321 839 447 914 ἀνοσίας
460 843 523 904 τῶν
534 833 653 924 γοήτων
666 837 716 898 καί
729 835 923 921 μυηφανείας.

60 957 77 1010 5
166 1031 167 1034 ¹
196 945 253 1014 12.
301 939 339 1008 ‘0
353 942 386 1008 δὲ
399 947 453 1024 τῆς
466 943 614 1025 Μηδικῆς
624 933 785 1024 σατράπης
798 935 956 1020 δυνάμεως
969 935 1005 1004 τδ
1014 931 1179 1020 Ἄφούμων
1195 953 1219 1006 1>
1235 953 1269 1009 24

86 1043 336 1134 περικαθήμενος
362 1042 514 1132 φρούριον
541 1045 680 1125 ε’πειράτυ
703 1037 789 1105 ἓλεῒν.
838 1038 855 1107 δ
878 1040 913 1106 δὲ
933 1047 990 1107 sod
1009 1036 1181 1123 Ῥωμαῖιωά

86 1153 256 1233 ταξίαρχος
277 1155 370 1215 τοῦτο
393 1144 570 1230 πυθόμενος
590 1136 642 1228 ήκε
662 1144 792 1228 πλησίον
812 1148 869 1208 sori
883 1144 1050 1231 Νυμφίσυ,
1080 1146 1130 1208 καί
1145 1143 1182 1210 sd

83 1253 201 1333 ’Λκβάς
215 1253 350 1336 ἐνεχείρει
362 1246 508 1336 αίρήσειν.
559 1244 734 1331 δύσληπτον
749 1248 783 1313 δέ
798 1249 883 1312 τουτὶ
896 1247 932 1312 τδ
946 1244 1103 1332 ὀχύρωμα,
1130 1249 1183 1311 καί

88 1358 171 1440 πρὸς
183 1357 359 1433 πολιορκίαν
374 1348 629 1434 ἀκοτυγῶνιστυν.
666 1347 853 1433 ἐπεκύθηται
868 1351 903 1416 δὲ
916 1351 951 1415 νδ
966 1349 1114 1436 φρούριον
1130 1348 1181 1415 ἐπ’
1248 1346 1251 1351 ’

49 1475 81 1525 10
89 1459 186 1545 ὄρους
210 1459 324 1540 αύχίνα
333 1505 343 1536 ,
370 1456 486 1542 ἀμφοῖν
501 1455 535 1520 δὲ
549 1465 618 1530 ταῖς
633 1449 759 1537 λαγύσιν
776 1455 857 1520 ioris
871 1453 1096 1540 ἀμφίκρημνον.
1147 1448 1184 1518 τύ

89 1588 123 1627 τε
139 1558 292 1646 φρούριον
303 1565 397 1642 τοῦτο
409 1555 556 1643 μεγάλαις
569 1559 751 1623 κοιλαίνεται
767 1553 937 1643 φάραγξιν,
966 1551 1008 1632 ὥς
1020 1557 1095 1638 μίαν
1110 1551 1185 1653 εἶναι
1201 1575 1224 1628 Β

90 1663 203 1730 λοιπὸν
224 1661 401 1746 συμβαίνειν
421 1663 478 1746 τήν
503 1663 552 1728 ἐπί
571 1660 713 1743 μέτωπον
736 1660 870 1740 είσσδον,
898 1660 1100 1743 τειχιζομίνην
1116 1686 1186 1726 στε-

90 1773 195 1850 φανῶν
208 1769 308 1832 λίθων
320 1763 502 1848 συνθήκαις.
555 1766 616 1828 ἐπεὶ
632 1764 666 1827 δὲ
679 1771 743 1837 τοῖς
758 1766 789 1825 ίν
805 1769 849 1849 τῷ
864 1765 1004 1852 φρουρίῳ
1021 1759 1187 1847 ἀστρατη-

90 1871 147 1956 γδς
161 1871 319 1935 ἐπετίθετο
326 1917 337 1946 ,
361 1871 408 1932 ini
422 1867 479 1947 τήν
498 1861 652 1951 στεφάνην
664 1869 721 1929 soii
737 1864 844 1950 δ’ρκσυς
856 1866 1054 1950 φρυκτωρίας
1068 1869 1189 1949 ίξήψαν

55 1990 85 2044 15
94 1975 123 2039 oi
153 1966 423 2055 πολιορκούμενοι,
451 1963 565 2043 ἀπύσος
579 1969 830 2051 παραδηλοῦντες
847 1963 1016 2046 ἀκίνδυνος
1028 1980 1092 2046 τοῖς
1108 1969 1188 2057 ἀμφί

94 2074 151 2140 τδν
187 2076 390 2158 Καρδαρφάν
426 2071 611 2157 φλιχομίνοις
647 2066 913 2155 παραστήσασθαι
945 2071 980 2138 τά
1008 2070 1190 2160 Ἀφυύμων·

68 2191 73 2198 “
95 2173 245 2252 τοιαύτας
268 2175 327 2261 γὰρ
348 2185 412 2252 τοῖς
426 2181 483 2240 τοῦ
496 2174 606 2256 Ἀκβάς
622 2171 780 2258 συνθήκας
798 2171 814 2239 ὅ
830 2181 893 2240 τῶν
907 2180 1040 2261 Περσῶν
1058 2173 1191 2260 κατεβά·

96 2287 167 2347 λετυ
193 2276 373 2364 στρατηγός.
426 2277 462 2345 τδ
492 2280 526 2344 δι’
548 2277 701 2362 Περσικὸν
733 2275 974 2361 ἀναλαμπούσης
993 2275 1109 2365 ήμίρας
1129 2277 1192 2346 aiud

96 2379 223 2469 πρώτην
247 2382 287 2448 ἕω
310 2379 548 2467 συντεταηριίνον
564 2391 629 2457 τοῖς
644 2377 805 2463 Ῥωμαίοις
820 2383 966 2468 ἐφίστατο
975 2432 986 2461 ,
1013 2389 1076 2448 τῶν
1092 2409 1124 2448 τε
1138 2385 1191 2447 ‘in-
1209 2397 1232 2450 c

59 2500 167 2553 ίοπων
190 2481 362 2567 ἀποβάντες
381 2492 437 2570 τῆς
456 2479 558 2567 μάχης
571 2480 757 2568 ἀπήρχοντο.
809 2488 859 2549 καί
874 2491 918 2575 τῷ
932 2495 1051 2568 συνεχεῖ
1064 2493 1119 2568 τῆς
1134 2493 1193 2566 βο-

98 2597 155 2674 λῆς
179 2589 208 2654 oi
229 2586 385 2675 βάρβαροι
396 2584 553 2670 Ῥωμαίων
570 2584 752 2673 ε’κράτησαν.
803 2589 947 2672 συνίχεαν
962 2589 1021 2674 γὰρ
1038 2589 1092 2666 τάς
1105 2587 1195 2671 dursac

98 2701 160 2757 τεῖιν
183 2689 359 2758 ἀντιπάλων
380 2701 449 2767 ταῖς
472 2693 641 2772 ε’κπομπαΐς
662 2697 724 2755 τῶν
746 2696 860 2772 βελῶν·
887 2689 1058 2778 τοξοφόρον
1078 2693 1137 2778 γάρ
1158 2691 1193 2757 sd

100 2795 194 2871 ἔθνος
202 2845 213 2876 ,
244 2797 295 2860 καί
316 2791 445 2878 δύναμις
463 2791 548 2882 αύτῷ
563 2793 598 2859 τὸ
611 2790 805 2880 ,κατάπτερον
821 2801 914 2861 τοῦτο
930 2793 1081 2862 ἀκόντιον.
1132 2800 1195 2861 τῶν

174 2993 216 3047 13.
231 2989 298 3055 τούς
314 2993 358 3045 ΙΡ.
459 2995 502 3048 22.
519 2994 575 3047 ταῖν
593 2991 667 3046 deest
682 2991 727 3049 11’.

103 3182 165 3236 pars
191 3164 292 3217 diffissa
315 3161 412 3217 hiabat.
445 3163 472 3216 in
496 3181 551 3216 euru
577 3165 671 3218 hiatum
695 3165 762 3218 collo
780 3165 878 3220 inserto
894 3167 1067 3234 strangulatus
1085 3165 1195 3234 expirat.

103 3237 141 3288 sio
166 3235 210 3286 iiie
235 3234 313 3286 vitam
336 3231 438 3300 impiam
462 3232 563 3295 finivit,
590 3251 644 3286 cum
662 3234 734 3301 prius
751 3234 805 3287 filio
822 3243 901 3304 caput
918 3236 1027 3289 rescindi
1045 3236 1196 3303 aspexisset,

104 3322 180 3372 quem
203 3301 254 3356 sibi
281 3303 307 3355 in
329 3301 436 3353 nefariis
453 3311 480 3353 et
497 3301 582 3369 impiis
599 3301 747 3370 imposturis
772 3304 976 3374 carminibusque
992 3304 1099 3372 mogieis
1116 3303 1196 3358 disci-

105 3373 192 3441 pulum
210 3385 289 3442 atque
305 3370 401 3424 socium
416 3369 554 3422 asciverat.

177 3444 220 3496 12.
255 3440 392 3494 Caeterum
416 3439 550 3492 Persarum
568 3439 660 3492 ductor
676 3440 806 3509 Apionos
824 3439 954 3492 castelium
971 3439 1153 3494 circumsidens
1172 3438 1199 3490 id

108 3525 263 3578 expugnare
286 3509 436 3580 incipiebat.
471 3527 500 3562 re
527 3518 656 3578 comperta
687 3510 815 3564 Romanus
838 3511 891 3562 dur
914 3509 1020 3561 ioannes
1048 3509 1081 3561 ed
1106 3509 1200 3560 flunren

102 3576 264 3646 ,Nymphiuro
287 3579 421 3649 procedit,
444 3578 625 3647 castellumque
646 3581 731 3632 nobas
749 3587 838 3634 contra
855 3578 974 3648 recipere
991 3579 1108 3638 molitum
1132 3577 1201 3646 quod

109 3645 213 3714 quidem
231 3647 291 3713 quie
308 3657 400 3701 natura
418 3647 546 3710 munitum,
563 3654 640 3716 captu
655 3648 705 3702 iuit
723 3649 830 3702 diiiiciie
848 3656 876 3702 et
892 3648 1027 3702 obsidione
1043 3649 1203 3718 inexpugna-

109 3715 170 3768 bile.
206 3713 281 3787 situm
304 3729 344 3769 cst
367 3717 393 3769 in
419 3717 611 3785 ingemueris,
640 3718 672 3769 ab
693 3725 804 3786 utroque
819 3719 902 3771 latere
920 3719 1097 3788 praecipitium
1116 3718 1203 3777 habet,

112 3792 138 3837 et
156 3782 218 3836 aitis
235 3783 342 3838 vallibus
360 3785 489 3854 cingitur,
513 3795 541 3838 ut
558 3786 646 3838 unicus
663 3803 679 3838 a
699 3788 786 3839 fronte
808 3787 938 3854 ingressus
961 3788 996 3840 sit
1019 3788 1150 3853 reliquus,
1175 3791 1204 3835 et

110 3854 134 3906 is
159 3851 244 3905 solido
269 3851 301 3904 de
324 3853 410 3920 lapide
435 3860 576 3908 extructus.
611 3855 655 3906 ubi
681 3855 809 3908 Romanus
832 3857 916 3910 locum
939 3859 1007 3909 hunc
1030 3855 1136 3906 adortus
1154 3862 1205 3918 ost,

113 3919 214 3976 obsessi
237 3919 264 3972 in
288 3919 371 3990 pinnis
396 3940 522 3976 murorum
546 3923 616 3976 iaces
639 3926 800 3987 accendunt,
825 3927 1002 3994 significantes
1025 3923 1058 3974 iis
1082 3922 1126 3990 qui
1149 3938 1206 3974 curu

113 3990 292 4059 cardarigaoo
309 3990 438 4057 Apbumos
456 3993 622 4061 premebant,
644 4001 741 4060 «poento
757 3993 784 4045 iu
802 3995 949 4047 discrimine
967 4002 1147 4045 versarenturr
1172 3991 1206 4043 de

116 4059 257 4114 huiusmodi
288 4075 395 4126 nomque
424 4060 496 4126 signo
527 4079 583 4114 curu
613 4062 763 4115 Acbasianis
792 4061 928 4116 Persarum
953 4061 1014 4113 duci
1041 4069 1205 4114 convenerat.

114 4131 213 4183 Persas
236 4128 280 4182 dis
303 4128 448 4180 albescente
463 4129 595 4183 instructis
618 4132 752 4184 ordinibus
770 4132 890 4186 Romanis
905 4130 1104 4199 superveniunt,
1128 4139 1205 4182 etex

116 4200 190 4266 equis
207 4215 236 4250 se
253 4196 402 4252 deiicientes
420 4213 529 4264 pugnam
546 4199 721 4268 auspicantur,
737 4203 940 4270 sagittarumque
956 4200 1036 4253 inbre
1050 4201 1115 4253 coeii
1129 4217 1206 4268 espe-

117 4278 184 4320 ctum
208 4267 349 4320 adimentes
370 4265 516 4334 superiores
538 4272 658 4321 evadunt.
694 4280 736 4323 est
758 4271 872 4322 nimirum
890 4287 954 4338 gens
971 4287 1003 4322 ee
1020 4270 1090 4321 arcui
1108 4269 1206 4331 dedita,

118 4343 144 4390 et
166 4336 194 4390 iu
216 4335 307 4390 iaculis
332 4333 451 4407 pennatis
466 4335 544 4389 robur
560 4336 615 4390 eius
632 4338 766 4410 virtusque
782 4339 908 4396 consistit.
941 4340 1062 4393 Romania
1078 4349 1161 4393 autem
1178 4338 1205 4390 in
