2817 4742
239 311 289 383 56
714 309 877 377 GENESll

240 479 388 571 Θεοφίλῳ
408 478 449 547 τό
469 478 625 562 βασίλειον
647 474 780 568 κρότος,
808 484 941 563 συνεχῶς
961 473 1118 561 ἔδεόέηντο
1144 481 1200 542 τοῦ
1219 473 1343 563 έρεόνης

238 593 342 670 τυχεῖν
362 584 397 649 έν
415 581 496 671 αὐτῇ
517 589 659 672 φανερῶς
678 583 725 668 μὴ
748 578 910 669 διάγοντα,
934 583 984 648 καλ
1005 575 1126 656 τοότοις
1150 579 1192 657 εἷς
1213 582 1343 663 βασιλέα

138 767 142 771 ,
237 680 534 778 φανερωθήσεσθαι.
586 684 629 764 ῶς
652 679 708 754 οόν
725 684 865 771 ἀσμένως
877 691 971 752 τοῦτο
985 680 1137 770 όιηκηκόει
1153 680 1341 766 όβασιλεός,

238 790 291 857 διὰ
305 786 409 873 πόσης
421 788 649 877 ἦκριβολογεΐτο
664 797 722 874 τῆς
732 787 858 867 πόλεως.
911 796 968 872 τῆς
982 789 1017 854 δέ
1031 788 1098 873 περὶ
1110 783 1224 853 τοότου
1236 783 1344 874 φήμης

238 888 412 978 πανταχόσε
426 895 709 979 διαίεδραμηκυίας
724 894 771 959 tut
784 889 967 981 παρεκτάσει
980 897 1102 957 πολλῶν
1120 887 1244 976 ἡμερῶν
1252 939 1265 971 ,
1293 891 1364 958 καὶὸ

238 999 282 1074 εἷς
300 995 473 1081 ἀμηχανίαν
494 1004 551 1064 τοῦ
573 996 778 1084 ἐρευνωμένου
798 992 1048 1082 συνεστηκότων,
1074 1000 1138 1060 τῶν
1153 994 1234 1060 κατὰ
1243 1019 1343 1080 γειτο-

198 1107 224 1161 D
240 1101 309 1166 νίαν
323 1123 371 1176 τις
380 1105 424 1187 τῷ
441 1097 571 1186 ῥηθέντι
584 1102 699 1190 γυναίῳ
714 1097 831 1183 συκῶν,
859 1099 920 1190 ότῳ
939 1096 1152 1184 συνειληφέναι
1176 1097 1264 1184 παρὰ
1285 1103 1343 1163 τοῦ

236 1202 363 1290 Πέρσου
386 1201 624 1289 όιετετρόνωτο,
650 1203 733 1271 καθ’
761 1202 883 1288 όμιλέαν
905 1229 937 1270 τε
957 1207 1121 1285 πολλαχῶς
1133 1199 1222 1289 αὐτῷ
1235 1207 1343 1267 συνελ-

235 1313 305 1373 θεῖν
328 1305 369 1373 τό
387 1304 467 1389 πρός
489 1305 659 1392 ὑπηρεσίαν
682 1309 902 1394 διινεργοῶντι,
923 1305 1085 1377 πυθέσθαι
1105 1329 1139 1369 τε
1160 1307 1212 1369 καὶ
1232 1309 1343 1392 σαφῶς
1398 1383 1399 1386 ¹

235 1413 400 1496 διαγνῶναι
415 1405 463 1475 ότι
477 1436 533 1497 περ
548 1412 582 1477 Is
596 1414 730 1496 Περσῶν
743 1411 802 1496 εἴη,
823 1416 985 1495 βασιλικοῦ
999 1410 1032 1474 δέ
1044 1408 1177 1496 πέφυκεν
1191 1409 1340 1491 αἵματος·
1350 1420 1378 1473 1ο

234 1514 287 1579 καὶ
307 1521 373 1589 τοῖς
398 1511 542 1596 έρευνῶσι
557 1512 598 1580 τὰ
610 1515 678 1601 περὶ
693 1510 808 1581 τούτου
827 1508 1123 1597 κατασημήνασθαι.
1162 1517 1239 1578 ’τῶν
1257 1512 1293 1577 δὲ
1306 1511 1340 1576 τό
1398 1527 1399 1600 t

234 1615 290 1698 μέν
311 1611 438 1702 γόναιον
461 1614 697 1702 κατασχόντων,
725 1617 807 1701 μεθ’
830 1610 868 1685 osi
889 1614 905 1684 ό
926 1616 1053 1703 Πέρσης
1067 1615 1125 1698 τὴν
1139 1614 1342 1702 ἀναστροφὴν
1398 1615 1399 1624 ’

234 1719 415 1803 ἐπεποίητο,
441 1722 491 1785 καί
513 1721 931 1808 ἐνόελεχέστιρονάοφαλῶς
948 1715 1187 1798 διεξετασόνιων
1208 1718 1266 1802 τὴν
1287 1721 1341 1784 τοῦ
1398 1755 1399 1794 ;

234 1821 440 1908 ἐρωτωμένου
461 1820 633 1911 διαγωγήν,
658 1823 714 1891 τόν
729 1825 785 1908 μέν
799 1832 838 1912 τῇ
853 1825 970 1911 γυναικί
985 1818 1179 1889 συνελθόντα
1195 1844 1343 1908 προτετε·

232 1925 408 2010 λευτηνέναι
421 1926 648 2016 διεμαρτόρατο
657 1977 669 2010 ,
695 1927 750 1996 τόν
766 1929 800 1994 δέ
815 1930 849 1994 έκ
862 1924 975 1996 τοότου
988 1923 1243 2012 προενηνεγμένον
1261 1919 1342 1988 sosoi
1350 1929 1377 1984 1⁵
1398 1905 1399 1918 ¹

233 2029 377 2114 συζυγίαν
392 2026 507 2117 ῶρρενα
520 2035 619 2098 παῖδα
633 2028 756 2108 τοότοις
768 2033 916 2098 ἐδείκνυεν
929 2031 977 2096 tut
992 2031 1063 2094 ιλυσλ
1075 2029 1127 2093 καλ
1141 2024 1162 2091 ι’
1176 2025 1259 2092 καθ’
1274 2022 1342 2108 ἡλι-

192 2128 308 2194 aaran
327 2132 509 2213 χρονίζοντα
535 2134 640 2200 ἔτεσιν.
693 2131 786 2218 όνπερ
808 2132 882 2198 κατ’
908 2131 983 2214 όψιν
1003 2128 1090 2195 ίόντα
1112 2127 1191 2212 μετὰ
1210 2130 1261 2194 καί
1278 2135 1342 2195 τῶν

233 2227 390 2299 συνόντων
406 2231 514 2310 αὐτοῖς
531 2230 749 2321 κατειληφότες
760 2238 912 2323 Περσῶν,
940 2233 1061 2320 έπείπερ
1076 2231 1172 2298 αότόν
1187 2230 1221 2298 ἴκ
1234 2257 1269 2298 τε
1284 2236 1342 2298 rosi

229 2340 392 2419 βασιλικοῦ
408 2330 608 2420 όμοιῶματος
622 2336 656 2404 έν
671 2363 704 2403 τε
719 2343 775 2421 τῆς
791 2335 871 2404 κατὰ
887 2340 995 2423 Κῦρον
1009 2331 1201 2421 γρυπότητος
1216 2340 1343 2418 συμβο·
1379 2343 1382 2348 ’

231 2433 435 2523 λαιωσόμενοι
447 2443 498 2507 καὶ
510 2443 543 2520 ἓξ
557 2439 660 2508 ἄλλων
672 2439 765 2507 τινῶν
778 2448 841 2506 τῶν
857 2434 1127 2528 ἔφιομαρτηκότων
1142 2437 1227 2522 αὐτῷ
1234 2483 1245 2516 ,
1276 2444 1377 2511 scirit

232 2537 345 2609 τοότου
369 2546 443 2609 noui
456 2540 700 2630 ιπροσεκόνησαν
724 2545 775 2610 καὶ
796 2543 983 2631 ἀνῃρημένοι
1005 2541 1083 2625 πρὸς
1105 2537 1236 2619 βασιλέα
1260 2535 1342 2624 ἠγό-
1398 2555 1399 2646 η

301 2783 328 2836 6.
344 2776 490 2849 γειτονίαν
507 2776 538 2831 L.
645 2778 687 2830 12.
703 2767 940 2841 καταιτοχῶντιιυ
957 2771 988 2825 L.
1083 2771 1126 2826 18.
1142 2769 1204 2826 fort
1222 2767 1341 2840 ἐπείπερ

301 2847 425 2919 ἔγνωσαν
442 2845 539 2902 αότόν.
644 2847 687 2898 20.
703 2839 942 2913 ἒφομαρτηιιότονν
958 2839 990 2896 Is.

228 3053 403 3124 Theophilum
427 3055 490 3104 tunc
513 3047 644 3121 imperium
670 3049 907 3114 ministrantem,
932 3048 1060 3102 ineuntur
1082 3044 1213 3115 petierunt
1233 3050 1264 3098 ut
1286 3048 1341 3102 sibi

228 3124 307 3177 fruet
333 3122 445 3174 facultas
471 3119 612 3190 quaerendi
636 3119 706 3174 ilium
731 3120 777 3190 qui
800 3120 886 3190 patasa
906 3117 934 3170 in
958 3133 990 3170 ea
1010 3117 1076 3168 urbe
1100 3132 1150 3168 non
1169 3121 1342 3169 venaretur:
1398 3121 1399 3172 Ξ

228 3194 302 3264 ipsos
319 3197 404 3245 auten
421 3189 479 3258 regi
494 3189 653 3243 iudicaturos
669 3205 735 3244 essa.
770 3190 874 3253 Quibus
894 3185 995 3240 lubenti
1011 3183 1094 3236 animo
1111 3183 1208 3237 auditis
1224 3182 1345 3252 inpera-

227 3272 270 3318 tor
287 3278 335 3344 per
351 3267 433 3314 totam
449 3257 599 3312 sciscitatus
617 3267 657 3312 est
673 3260 774 3324 urbaru,
792 3260 912 3326 famaque
929 3255 963 3308 de
979 3271 1010 3308 ea
1026 3270 1058 3306 re
1076 3252 1166 3322 utique
1183 3253 1345 3324 pervulgata
1398 3267 1399 3270 ’

135 3355 139 3365 ⁴
227 3339 315 3402 spatae
333 3331 469 3383 muitarum
487 3327 601 3392 dierum,
624 3327 650 3381 in
668 3328 790 3398 angustia
806 3343 885 3397 super
903 3343 934 3378 eo
952 3323 998 3394 qui
1014 3323 1190 3392 quaerebatur
1205 3321 1255 3376 issu
1274 3339 1344 3376 cou-
1398 3383 1399 3394 η

227 3399 344 3464 stitutio,
371 3399 475 3466 quidam
493 3414 526 3452 ex
544 3396 639 3451 ricinis
658 3399 810 3468 praedictae
826 3394 993 3449 mulierculae
1010 3392 1162 3446 coniunctus
1179 3387 1301 3455 exstitit,
1327 3408 1344 3445 a
1398 3411 1399 3416 ¹

227 3485 280 3538 quo
298 3467 495 3536 significabatur
513 3484 569 3520 ean
588 3483 619 3520 eu
637 3468 721 3520 Persa
738 3465 905 3537 concepisse,
921 3479 1002 3532 seque
1018 3479 1074 3515 curo
1091 3461 1136 3515 iilo
1153 3459 1256 3529 saepius
1276 3478 1343 3513 eon-
1398 3459 1399 3482 ³

228 3546 377 3598 vasatum,
395 3553 450 3588 cum
467 3537 491 3588 is
507 3536 644 3590 ministerii
661 3535 807 3591 functiones
824 3539 980 3605 perageret,
1004 3537 1084 3601 atque
1101 3528 1233 3584 audivisse
1248 3535 1343 3584 certo·

247 3623 281 3659 ue
298 3604 451 3674 cognovisse
476 3604 546 3658 illurn
572 3624 604 3660 ex
628 3605 721 3660 Persia
742 3623 802 3659 essa
824 3603 952 3673 regioque
974 3602 1100 3670 sanguine
1126 3606 1238 3651 cretum:
1259 3597 1342 3669 isque

227 3623 313 3729 icatur
339 3671 532 3744 quaesitoribus
554 3675 637 3728 cronia
660 3677 695 3728 de
719 3673 763 3726 illo
786 3672 922 3726 indicasse.
958 3669 1022 3723 Cum
1046 3670 1086 3722 iili
1109 3684 1187 3737 porro
1206 3666 1341 3722 mulierem

228 3742 404 3814 arripuissent
421 3758 477 3794 cuus
495 3757 547 3808 qua
563 3741 607 3793 itte
624 3743 707 3795 Persa
724 3742 934 3795 consuetudinem
952 3738 1103 3802 habuisset,
1128 3745 1206 3806 atque
1223 3736 1341 3821 diligen-
1398 3781 1399 3802 ,

229 3823 275 3874 ῐατ,
289 3819 462 3881 accurateque
481 3811 625 3880 percontati
644 3817 732 3863 essent
749 3811 782 3863 de
799 3811 855 3864 eius
873 3811 918 3881 qui
931 3810 1106 3881 quaerebatur
1118 3805 1221 3860 visendi
1232 3814 1342 3860 retroue
1398 3815 1399 3836 ¹

230 3888 259 3935 et
282 3883 427 3946 mansione,
450 3896 506 3933 eum
525 3878 625 3946 quidem
644 3879 687 3948 qui
706 3897 763 3933 curu
780 3881 885 3934 toliere
903 3877 1113 3933 cousuetudinem
1137 3876 1268 3931 habuisset
1286 3875 1341 3928 issu
1398 3875 1399 3896 ³

231 3960 357 4005 mortuum
380 3968 438 4004 esse
461 3949 623 4002 testabatur:
651 3947 695 4015 qui
714 3956 796 4003 autern
816 3951 861 4003 ἱΙΙο
879 3957 1021 4020 prognatus
1039 3953 1110 3998 esset
1126 3963 1158 4000 ex
1175 3965 1208 4000 ea
1224 3961 1341 3999 consue·
1398 3979 1399 4024 η

230 4020 328 4085 tudine,
345 4038 401 4074 eurn
418 4018 573 4073 ostendebat
589 4016 668 4070 filiurn
685 4016 862 4074 duodecimum
880 4018 975 4074 aetatis
992 4033 1085 4068 anuum
1098 4025 1225 4084 agentern.
1235 4012 1341 4074 *Quem
1398 4031 1399 4070 ι

230 4087 443 4210 istaut?
458 4083 1069 4226 nutu„rt⁰utt¹¹¹rtsu¹uttrtt
1092 4083 1340 4207 ἒῖῗίέὲῗιὲἱίῗὲ

372 4196 381 4220 9
642 4193 650 4218 i
1398 4195 1399 4214 ι

184 4255 186 4258 >
228 4225 304 4289 nasi,
329 4226 445 4293 quaein
469 4228 541 4294 Cyro
568 4226 669 4286 tuerat,
692 4177 872 4281 coniecturas?
890 4224 1018 4278 facientes
1042 4222 1152 4292 aliisque
1169 4222 1252 4292 ipsura
1270 4239 1340 4276 eou-
1398 4227 1399 4234 ’

229 4295 424 4359 comitantibus,
456 4295 489 4348 ad
514 4295 571 4349 eius
597 4294 678 4367 podes
702 4296 845 4364 adorarunt
868 4301 1074 4364 aucupumque
1095 4293 1130 4346 ad
1151 4291 1339 4363 imperatoreos
1398 4333 1399 4338 ι
