2817 4742
242 330 317 401 312
605 325 793 397 PONTANI
817 324 1119 395 ARGUMENTUM.

241 510 275 563 de
294 525 355 563 sene
373 507 484 577 quodam
505 508 581 562 huius
600 508 662 563 aiae
682 525 787 578 gnaro,
812 507 914 577 quicum
929 508 1009 561 eerha
1027 512 1169 560 commutat
1186 513 1212 559 et
1235 506 1348 575 litigat.

240 579 426 647 magnitudine
430 579 568 647 frigorum
582 579 696 631 Romani
708 579 785 632 multi
797 586 823 631 et
838 580 956 630 iumenta
969 595 997 630 eo
1014 578 1108 629 itinero
1118 584 1238 645 pereunt.
1282 578 1349 629 Phi-

240 649 367 717 lippopoli
377 648 482 699 Manat.
516 648 611 700 Petrus
624 649 718 701 ilerum
732 649 784 702 dur
801 648 960 699 declaratur.
997 646 1152 699 Theodosius
1162 646 1348 712 Mauriaiisi·

240 719 293 769 lius
305 716 429 768 Germani
436 718 528 782 filiam
541 718 621 769 ducit.
656 719 783 770 tumultus
796 718 824 767 in
835 718 1017 785 imperatorem
1031 715 1062 767 oh
1075 716 1210 767 caritatem
1224 717 1274 765 rei
1282 719 1347 781 sru-

239 786 392 838 mentariae.
424 786 566 838 maledieta
579 787 742 849 immadem,
767 793 794 837 et
804 786 943 855 lapidatio.
978 785 1059 836 clauis
1075 785 1186 836 audaces
1200 785 1348 835 deterren-

240 862 293 906 tur.
330 854 497 906 Theodosium
507 872 632 923 generum
646 856 790 908 Germanus
803 854 938 921 chlamyde
950 870 999 904 sua
1012 854 1089 920 tegit.
1132 854 1174 919 (5)
1192 853 1224 903 de
1244 854 1348 921 templo

243 924 363 991 l'irginis
377 925 483 975 Mariae
497 924 526 974 in
538 924 699 977 lllaehernis.
735 931 852 975 auctores
869 923 1005 975 seditionis
1026 923 1101 973 exilio
1121 923 1245 972 damnati
1260 924 1348 973 altero

240 994 284 1045 die
299 998 461 1045 revocantur.
496 993 589 1045 Petrus
602 994 638 1045 ad
654 994 749 1045 istrum
763 994 856 1045 ducens
868 992 983 1044 Plastoli
996 997 1118 1042 aestatem
1131 992 1223 1051 hahet5
1246 992 1349 1041 deinde

238 1063 269 1114 in
286 1064 415 1130 angulum
435 1062 590 1115 Dardaniae
610 1062 712 1114 secedit.
747 1078 804 1113 eum
827 1062 946 1129 Apsycho
965 1061 1147 1128 hypostratego
1166 1060 1348 1110 harbarorum

237 1132 401 1199 colloquitur.
436 1139 562 1200 utraeque
576 1133 666 1199 copiae
679 1131 810 1183 recedunt.
847 1130 973 1197 chagani
986 1136 1068 1181 astus.
1102 1132 1247 1197 imperatos·
1265 1128 1347 1181 Petro

238 1208 314 1253 trans
327 1202 423 1253 istrum
434 1202 618 1269 prosectionem
631 1200 750 1252 mandat.
785 1199 880 1251 Petrus
892 1216 911 1250 a
924 1198 1025 1250 Bonoso
1039 1198 1139 1249 illustri
1150 1198 1276 1249 satellite
1296 1201 1345 1249 im-

234 1272 365 1338 peratoris
382 1272 519 1321 naoicsdas
532 1269 640 1335 flumini
657 1269 812 1321 traiiciendo
829 1267 1099 1336 petit‚eti1'undoim
1118 1267 1246 1317 militibus
1261 1284 1347 1335 prae-

231 1340 303 1406 ficit.
338 1340 362 1390 is
383 1340 477 1389 malloo
497 1338 609 1389 hostium
630 1339 750 1405 perimit,
766 1337 945 1402 Romanosque
965 1336 993 1385 in
1010 1337 1167 1401 prouinciam
1184 1336 1281 1387 redire
1295 1353 1346 1387 non

237 1406 351 1476 patitur.
381 1407 460 1457 Artos
472 1406 651 1457 Romanorum
663 1407 745 1457 socios
760 1404 904 1472 Chaganus
918 1402 1003 1453 delere
1017 1406 1128 1469 cogitat.
1167 1405 1211 1471 (6)
1230 1422 1253 1454 a
1269 1407 1344 1456 Cha-

237 1493 310 1545 guno
327 1474 433 1542 quidam
452 1475 590 1541 deficiunt,
608 1475 646 1525 ad
665 1491 728 1539 quos
747 1473 903 1524 reducendos
917 1472 1006 1523 uarios
1022 1470 1069 1523 ille
1083 1472 1343 1542 modorinuestigat.

239 1560 321 1614 quare
336 1542 450 1596 llomani
462 1544 535 1594 ultra
547 1542 644 1607 tetrum
658 1543 795 1593 hibernare
807 1539 947 1593 noluerint.
982 1540 1083 1591 seditio.
1112 1543 1221 1607 fluuium
1249 1550 1344 1594 trans·

237 1619 343 1674 meant,
367 1619 393 1663 et
413 1613 562 1662 irascuntur
580 1612 744 1679 graoimime.
778 1611 904 1662 irascitur
919 1609 1033 1661 uicissim
1051 1609 1155 1661 Potius.
1188 1610 1279 1662 eidem
1299 1628 1345 1679 per

237 1684 349 1751 quietern
363 1680 583 1747 ohlataepistala.
618 1687 708 1731 castra
718 1677 950 1731 moventilomani.
987 1678 1115 1730 tumultus
1128 1678 1269 1731 militaris.
1307 1682 1344 1731 lo·

237 1753 301 1819 goti
312 1750 424 1801 militum
444 1749 479 1800 ad
492 1749 600 1801 Petrum
611 1748 644 1800 de
656 1750 763 1809 reditus
780 1749 823 1801 eui
837 1748 958 1799 molestus
969 1753 1008 1799 ast
1023 1747 1172 1815 imperator.
1216 1748 1272 1814 (7)
1293 1749 1345 1801 Pe-

238 1830 296 1873 trus
317 1818 423 1870 Gundoi
440 1817 474 1869 de
490 1819 612 1869 mandati
628 1817 811 1879 seueritatem
825 1816 942 1868 auaritia
955 1818 1074 1883 prosecta
1082 1817 1151 1881 flens
1162 1820 1344 1882 conquaeritur.

237 1891 314 1942 duces
330 1894 470 1950 conuocat,
487 1887 707 1939 litteraseshihet.
741 1887 815 1938 miles
827 1886 940 1937 transire
954 1885 1160 1937 istrumalnuit.
1189 1888 1277 1950 furor
1292 1888 1344 1938 mi-

238 1960 329 2020 litum,
341 1960 417 2024 suga
430 1956 532 2007 dueum.
566 1955 667 2008 Phocus
679 1958 821 2023 imperator
830 1955 1008 2006 renunciatur.
1041 1953 1234 2021 Petrussugitc
1256 1955 1343 2007 Man-

236 2029 304 2079 rieio
322 2043 376 2077 rem
394 2026 538 2092 siginificat.
573 2024 720 2077 Mauricius
743 2025 865 2077 stasilium
884 2024 1031 2075 examinat:
1058 2022 1123 2089 quid
1145 2029 1212 2090 agat
1232 2027 1344 2084 nescite

238 2097 326 2147 dolore
346 2095 509 2145 dissimulato
530 2093 605 2145 ludos
621 2101 748 2161 equestres
766 2094 894 2145 celebrare
905 2093 1003 2160 pergit.
1036 2092 1159 2159 populum
1175 2091 1274 2144 honum
1290 2094 1342 2145 ha-

236 2165 424 2215 hereanimum
439 2164 518 2213 iulet.
556 2163 709 2215 Venetorum
722 2163 929 2213 acclamationes.
967 2160 1066 2212 tribuni
1083 2176 1214 2211 numeram
1229 2164 1341 2214 utrius-

237 2250 287 2301 quo
291 2231 420 2299 factionis
433 2232 599 2297 profitentur.
616 2247 706 2283 carum
714 2232 861 2298 factionum
873 2230 1040 2297 uituperatio.
1076 2228 1122 2294 (8)
1138 2228 1238 2295 legatio
1254 2230 1342 2282 Mau-

235 2303 299 2355 ricii
312 2301 349 2351 ad
362 2300 474 2350 Phocum
487 2299 576 2349 irrita.
611 2300 743 2352 moenibus
757 2299 940 2351 'i'heodosionis
958 2296 1075 2349 antodes
1085 2297 1200 2364 apponit.
1233 2302 1342 2351 exeret.
1405 2330 1406 2363 3

235 2378 280 2423 tus
293 2369 330 2420 ad
346 2368 516 2420 Theodosium
529 2366 751 2435 Mauriciifilium
765 2370 879 2436 legatio,
897 2373 944 2419 aut
954 2368 1038 2433 ipsum
1050 2372 1099 2417 aut
1112 2381 1139 2416 oo
1150 2365 1255 2417 cedente
1270 2368 1342 2419 Ger-
1405 2366 1406 2399 l

237 2455 343 2493 manum
356 2440 538 2503 imperatorem
547 2438 714 2504 postulantis.
739 2437 899 2489 Comontiolo
909 2436 980 2487 urhis
992 2434 1107 2501 defensio
1122 2434 1244 2486 creditur.
1268 2438 1340 2488 Ger-

225 2526 329 2629 ·'”.‘‡i¹‘⁸
346 2505 498 2624 'mlh‘
510 2504 1126 2640 .⁸.'⁸'’“³3³hii'ii”⁵‘ih.'”h¹'iiiii.’‘dih‘'
1138 2508 1340 2635 'ziz-:thil

235 2590 707 2713 drepanius'pacdngoguffittomn
728 2590 891 2711 {opacioris
909 2640 945 2691 ad
961 2656 1018 2690 eum
1034 2587 1191 2691 odorandum
1205 2611 1339 2697 mittitur:

235 2718 266 2772 in
280 2713 392 2783 Sophiae
404 2712 527 2778 templum
541 2712 646 2762 transit.
683 2712 854 2772 theodosius,
869 2714 900 2761 ut
911 2708 942 2761 ol
954 2715 1078 2762 secretum
1091 2711 1271 2775 patefactum,
1284 2714 1337 2776 su-

213 2784 319 2837 =stihus
335 2783 466 2850 pulsatur.
501 2780 546 2845 (9)
566 2779 710 2833 Germanus
724 2780 806 2833 donno
823 2779 859 2830 ad
872 2777 1014 2831 meandum
1033 2777 1189 2831 sollicitatus
1209 2779 1337 2832 Andreae

233 2854 274 2923 pii
286 2852 339 2902 oiri
351 2851 462 2902 hortatu
473 2848 560 2899 eodem
574 2850 694 2903 recurrit.
717 2848 900 2901 maledicentia
910 2847 1000 2917 populi
1011 2847 1040 2897 in
1054 2848 1234 2914 imperatorem
1248 2850 1336 2901 muris

233 2921 344 2973 desertis
356 2918 474 2972 custodes
484 2933 511 2968 se
525 2916 561 2968 ad
575 2917 777 2970 tumultuantem
795 2916 920 2986 populum
933 2914 1078 2984 applicant.
1113 2914 1246 2967 cuiusdam
1262 2918 1336 2968 Con·

232 2990 360 3051 standai,
384 2987 438 3041 oiri
453 2986 606 3050 clarissimi,
629 2986 720 3040 domus
741 2986 897 3040 incenditur.
931 2984 1077 3036 Mauricius
1099 2999 1157 3036 aim
1175 2985 1288 3053 coniuge
1308 2992 1335 3039 at
1405 3030 1406 3051 ,

233 3058 324 3111 lilerio
335 3056 365 3107 in
371 3060 473 3124 sugam
486 3071 513 3105 se
525 3056 620 3107 tradit.
653 3057 786 3123 populiin
801 3060 895 3107 eumet
908 3052 1089 3121 patriarcham
1102 3052 1226 3105 conuicia.
1262 3056 1334 3106 loeus
1405 3052 1406 3103 5

232 3127 375 3179 mmmunis
391 3127 424 3177 de
441 3125 548 3176 lenitate
561 3131 588 3178 et
603 3125 721 3177 stultitia
734 3123 867 3193 populari.
900 3122 1022 3190 podagra
1035 3122 1210 3187 ‘conflictatum
1237 3124 1335 3190 filium
1405 3156 1406 3193 3

235 3196 273 3249 ad
286 3196 413 3247 Chouoen
423 3209 471 3261 pro
484 3209 532 3261 ope
545 3194 709 3261 inplormsda
718 3194 810 3245 mittit.
836 3192 980 3245 (immanes
993 3190 1130 3258 imperium
1144 3190 1234 3243 amhlt.
1260 3192 1334 3243 Pra-
1405 3224 1406 3253 3

234 3266 301 3317 sinis
315 3263 366 3317 sihi
377 3261 574 3317 adementihss
584 3262 700 3315 Phocum
710 3264 836 3331 sequitur.
879 3260 940 3328 (to)
954 3259 1171 3327 Phocaelinguis
1187 3260 1335 3328 animisque
1405 3286 1406 3331 3

231 3338 351 3401 sanetur.
382 3332 508 3401 populum
525 3347 583 3384 aum
595 3332 753 3399 patriarcha
766 3337 792 3384 et
804 3336 898 3383 senatu
910 3331 1026 3382 aotmmt.
1061 3327 1200 3380 detestatio
1213 3329 1285 3381 illius
1300 3336 1334 3381 ut
1405 3348 1406 3391 ξ

235 3404 346 3457 hominis
362 3401 554 3469 imqnohissins‘.
588 3403 644 3453 eius
659 3400 794 3453 simulatio
811 3400 841 3453 in
859 3398 1025 3451 Germanum.
1058 3398 1236 3465 modamatus
1249 3399 1333 3464 inpe-

234 3479 311 3525 rator
332 3477 479 3523 coronatur.
512 3470 543 3521 in
565 3470 654 3522 urlees
678 3470 821 3538 magnifico
837 3468 974 3527 inuehitur.
1057 3467 1117 3535 rgit
1136 3482 1240 3519 aunum.
1272 3467 1333 3519 ludi

229 3542 304 3609 flunt
323 3546 460 3606 equestres.
492 3538 705 3591 usorihmntiae
720 3554 812 3590 eorona
829 3537 980 3605 imponitur.
1032 3535 1115 3587 eloco
1129 3536 1252 3588 stationis
1261 3536 1332 3587 inter
1405 3574 1406 3581 ,

229 3611 365 3677 sactiones
378 3606 550 3659 contenditur.
582 3607 746 3670 Alexander,¹
762 3607 836 3659 homo
847 3607 980 3673 nefarius,
996 3603 1033 3657 ad
1045 3603 1120 3655 litem
1133 3604 1332 3672 asperatam
1405 3610 1406 3631 ³

232 3678 357 3731 mittitur.
391 3678 421 3728 in
441 3676 560 3728 Cosmum
579 3676 712 3727 tribunum
726 3677 969 3728 esteontumeliosus
984 3690 1016 3725 ao
1031 3672 1169 3726 uiolentus.
1204 3690 1261 3726 eum
1277 3672 1330 3723 Ve-
1405 3674 1406 3731 j

233 3748 289 3798 neti
307 3747 486 3806 ulciscuntur3
509 3760 616 3811 quorum
627 3762 676 3795 eoa
687 3745 756 3796 male
766 3745 860 3797 euenit.
895 3744 958 3811 (tl)
974 3740 1102 3795 Mnuricii
1116 3758 1200 3794 necem
1210 3742 1329 3811 portmt

233 3816 342 3868 Phocas.
376 3820 515 3866 revocatur
527 3830 558 3865 es
570 3812 691 3864 itinerea
702 3818 778 3880 patre
789 3812 955 3867 'theodosion
988 3810 1115 3863 Maurieii
1121 3812 1286 3879 flliosssmqur
1298 3810 1329 3859 in
1405 3816 1406 3821 ’

231 3891 311 3952 portu
323 3884 446 3951 Eutropii
459 3883 496 3933 ad
511 3882 698 3934 chalcedonem
709 3882 864 3949 interfectio.
898 3882 953 3935 eius
971 3887 1032 3933 ante
1050 3888 1157 3933 mortem
1169 3878 1327 3948 praeclaris-
1405 3930 1406 3951 q

234 3955 302 4005 sima
320 3969 368 4005 uos
383 3958 411 4003 et
427 3951 577 4004 Christiano
594 3951 760 4019 dignissima.
793 3954 920 4005 nutricem
932 3950 1015 4018 ipsius
1027 3950 1157 4014 infantem
1171 3964 1219 4015 pro
1232 3962 1275 3998 suo
1288 3944 1327 3997 ad
1405 3960 1406 3963 ¹

232 4020 337 4073 eaedem
348 4035 489 4090 supponere
498 4038 551 4072 non
556 4024 624 4087 sert.
659 4021 716 4071 eius
732 4037 779 4087 pro
792 4037 878 4089 poena
893 4020 1005 4087 peccatis
1017 4018 1071 4070 suis
1085 4019 1115 4069 in
1127 4018 1179 4069 hae
1189 4018 1247 4068 uita
1258 4016 1325 4067 irro-
1405 4024 1406 4053 1

233 4090 328 4158 ganda
340 4106 404 4143 eura
417 4090 505 4141 anaia.
540 4096 731 4151 testamentum,
747 4099 795 4157 quo
807 4091 942 4160 imperium
952 4088 1102 4154 interfilios
1112 4086 1239 4154 partitur.
1269 4082 1325 4135 llo·
1405 4144 1406 4155 γ

232 4158 359 4211 mitiusue
371 4158 546 4209 Melitenensis
557 4160 702 4226 episcopus,
722 4158 857 4211 eorundem
869 4163 958 4221 tutor,
981 4156 1015 4209 ah
1028 4156 1151 4209 historico
1166 4152 1324 4205 commenda-

233 4234 288 4278 tur.
322 4226 383 4294 (lt)
399 4228 583 4294 imperatorum
593 4244 701 4295 corporo
713 4228 741 4278 in
752 4243 826 4281 mare
837 4226 1004 4278 alliciuntur.
1039 4239 1104 4291 qnos
1115 4223 1324 4293 complorationes

234 4295 512 4363 eonmmorspullies
523 4296 771 4364 rsdtatasffecerit.
805 4296 834 4349 in
842 4294 941 4349 eosdem
950 4292 1070 4347 mmodia
1079 4292 1205 4348 historici
1237 4290 1324 4358 capita
1405 4332 1406 4337 ,
