2817 4742
384 356 676 425 HISTORLlllUM
700 357 759 425 IV.
788 359 846 430 10.
1088 356 1160 428 179

75 530 138 613 μὸν
160 528 373 615 παραμείψας,
409 535 472 595 τῶν
491 528 642 614 Ἅβορόων
661 532 711 594 καί
729 527 868 595 Ἀνόθων
887 521 1041 612 πλησιάζει
1060 552 1161 614 φρου-

78 634 177 719 ρίοις·
203 640 300 699 ταῦτα
313 632 348 697 d’
362 629 421 699 ίιπό
435 632 632 716 τόΠιρσικόν
649 633 860 718 ε’ρυρολογεῖιο
875 633 1051 712 πολίτευμα.
1078 628 1161 697 ἀπό-

79 761 137 821 ρας
153 734 186 800 ‹l’
203 736 342 801 ἐντεῦθεν
365 732 513 820 Χοσρόης
533 735 700 821 ἀφικνεῖται
722 736 768 799 lni
790 735 829 800 td
844 735 1012 821 Κιρκησίου
1033 730 1161 817 ίχόμενα

78 834 204 915 πόλεως.
223 876 226 882 -
256 837 329 901 δίκα
350 840 385 903 δὲ
406 840 540 921 σημείοις
558 834 808 923 ἀγριιυλιζόμενος
820 838 1003 919 ἀπεκπίμπει
1017 836 1161 921 ἀγγίλους

56 942 120 1017 5εἲς
138 941 173 1006 τό
187 936 355 1023 Κιρκήσιον
364 990 373 1021 ,
399 944 587 1025 παραδηλῶν
602 940 658 1023 τὴν
678 940 780 1027 ι’ίηιξιν
792 943 843 1004 καὶ
866 940 924 1016 τὰς
943 939 1091 1021 νεωτίρας
1106 936 1161 1005 τό·

75 1068 135 1125 χας
147 1044 198 1105 καὶ
212 1042 268 1124 τὴν
282 1043 314 1118 ἔς
330 1042 383 1108 τὸν
398 1046 545 1129 Καίσαρα
560 1040 761 1130 καταφυγήν,
787 1039 844 1126 τήν
863 1068 895 1107 τε
910 1045 941 1117 ἔς
960 1042 1000 1107 τὰ
1016 1042 1091 1107 οίκοι
1103 1038 1161 1106 κό-

77 1148 176 1210 θοὸον
196 1142 406 1227 ίξαιτοόμενος
417 1146 503 1229 ἠξίου
517 1147 708 1228 συμμαχικόν
723 1145 784 1211 ἀπό
795 1143 952 1227 Ῥωμαίων
964 1144 1158 1211 ἀποίσεσθαι.
1176 1163 1199 1218 Ρ
1218 1164 1267 1221 104

77 1249 163 1331 τρίτη
176 1253 251 1331 γοῦν
266 1248 387 1335 φυλακὴ
411 1234 467 1333 τῆς
484 1246 607 1328 νυκτός,
634 1252 685 1313 καί
707 1250 736 1314 οἱ
750 1246 869 1334 ίίγγελοι
885 1249 962 1334 πρὸς
972 1258 1040 1322 τοῖς
1053 1243 1163 1324 πόλαις

76 1345 255 1434 ε’γιόρησον..
297 1352 359 1417 ἐπεὶ
374 1342 407 1417 dl
421 1363 485 1428 τοῖς
499 1357 674 1439 πυλωροῦσι
687 1350 727 1416 τίι
741 1358 797 1416 τοῦ
810 1352 921 1434 τειχίου
934 1347 1162 1431 ιλιιξοιίευόμενα

42 1448 136 1523 coint
152 1460 216 1517 τῶν
236 1453 392 1537 πρέσβεων
408 1458 626 1541 ιίιεγνωρίζετο,
652 1451 713 1519 riuti
736 1452 790 1519 τόν
810 1450 943 1538 ἡγεμόνα
966 1459 1086 1518 θᾶττον
1105 1459 1161 1535 τῆς

76 1551 193 1631 πόλεως
205 1556 233 1619 ui
245 1556 300 1639 τὴν
312 1556 453 1643 φρουρὰν
468 1564 530 1623 τῶν
545 1563 650 1623 πυλῶν
666 1558 902 1641 ἓγχειρισθίντες
917 1551 1089 1641 προῄεσαν,
1116 1560 1161 1644 τῷ

75 1682 107 1721 τε
122 1654 245 1741 ἡγεμόνι
268 1659 346 1740 μετὰ
370 1656 517 1726 συντόνου
539 1661 676 1742 σπονδῆς
697 1660 753 1741 τὴν
766 1658 954 1741 περιπίτειαν
968 1659 1159 1722 ἀνετίθεσαν.

75 1766 118 1847 τῷ
132 1762 167 1825 δὲ
180 1759 363 1847 φρουροίρχῃ
378 1756 414 1845 ἦν
433 1762 494 1846 ι’ίρα
508 1759 637 1845 Πρόβος
650 1760 757 1841 όνομα.
810 1758 827 1824 ὁ
840 1760 896 1839 μίν
912 1751 966 1822 οὖν
979 1755 1110 1844 Πρόβος
1129 1760 1162 1836 ἐξ

76 1858 210 1927 ἑωθινοῦ
228 1863 281 1927 τόν
299 1862 447 1946 Χοορόην
470 1863 547 1944 πρός
572 1862 607 1931 τό
628 1860 707 1927 ι’ίστν
729 1857 859 1945 είσόγει,
893 1858 1042 1942 δεξιότητι
1065 1862 1163 1925 δὲκαὶ

41 1962 288 2049 15ηιλοηροσόνη
314 1972 441 2031 τοῦτον·
456 1966 570 2045 ε’ξίνιζε.
630 1964 670 2030 τὰ
698 1966 733 2029 δὲ
754 1962 865 2029 τοόιου
887 1960 1016 2046 γόνοιο,
1050 1966 1164 2038 παῖδας

76 2062 262 2147 όπομοζίους
283 2065 503 2151 περιογόμενα,
537 2070 607 2130 λίαν
630 2068 672 2141 είς
692 2066 732 2129 τὰ
760 2062 896 2146 μα’λιστα
925 2065 1163 2147 φιλανθρωπίας

76 2166 172 2249 ἠξίου.
223 2166 295 2245 νοός
315 2194 347 2234 τε
365 2166 561 2244 ὑπασπιστὰς
583 2169 633 2231 καὶ
652 2163 833 2250 περιπόλους
857 2163 1035 2254 (τριάκοντα
1049 2166 1083 2231 d'
1101 2165 1163 2251 ι’ίρα

78 2277 120 2358 τῷ
134 2267 263 2359 Χοσρόη
277 2268 428 2357 ὑπῆρχον)
444 2264 477 2337 acl
493 2272 584 2337 ε’ποίει
599 2267 697 2355 κάρτα
720 2271 862 2345 ἐπιεικοῦς.
916 2269 1042 2350 δευτίρα
1065 2267 1100 2333 d’
1124 2266 1161 2352 ἧ-
1178 2277 1202 2331 Β

78 2373 172 2457 μίρα,
200 2378 249 2437 καί
269 2371 415 2459 Χοσρόης
437 2372 453 2441 ὅ
477 2381 539 2440 τῶν
552 2378 684 2456 Περσῶν
702 2372 845 2455 βασιλεὺς
859 2368 953 2455 ε’ζότει
967 2370 1018 2436 τόν
1032 2368 1163 2455 Πρόβον

43 2475 134 2547 mulcti
150 2472 330 2561 γράμματος
351 2472 527 2562 πρεσβεόειν
548 2476 634 2562 παρὰ
657 2474 712 2540 τόν
735 2477 901 2558 Καίσαρα,
928 2476 978 2538 κοί
993 2470 1163 2559 ε’γχοριίξος

78 2582 248 2657 βασιλείους
260 2580 383 2664 κεραίας
396 2580 448 2645 διὰ
462 2575 594 2664 Πρόβου
612 2585 656 2668 τῷ
670 2574 874 2663 αὖτοκρότορι
887 2576 1016 2645 ἔστελλε.
1067 2583 1105 2662 τῇ
1124 2575 1160 2641 ‹l'

78 2674 219 2773 όστεραίρ
237 2680 433 2771 Κομεντιόλην
447 2688 491 2772 τῷ
508 2687 668 2770 στρατηγῷ
683 2680 764 2746 κατὰ
776 2680 832 2765 τὴν
844 2677 939 2764 Ἱερόν
955 2677 1043 2744 πόλιν
1060 2681 1163 2744 ἓνδια-

79 2785 209 2864 τρίβοντι
228 2781 403 2867 κατάδηλον
416 2784 472 2867 τὴν
487 2782 633 2869 Χοσρόοο
648 2783 793 2864 ἐνδημίαν
805 2780 822 2846 ό
836 2780 966 2866 Πρόβος
986 2784 1159 2863 πεποίηται,

81 2883 199 2966 πίμψος
220 2882 263 2959 ὦς
280 2885 376 2951 αὐτόν
395 2890 445 2951 καί
470 2887 508 2949 τὰ
525 2887 609 2969 παρὰ
624 2881 772 2968 Χοσρόου
787 2884 817 2946 ἓν
835 2880 954 2958 όξιιόσει
969 2884 1161 2967 γεγραμμίνα

46 2992 124 3076 νειῷ
137 2989 280 3075 Καίσαρι.
332 2984 349 3053 ὃ
372 2989 406 3054 δέ
428 2991 634 3073 Κομεντίολος
653 2993 716 3054 τῶν
738 2982 798 3052 ὑπό
816 2991 872 3051 τοῦ
886 2982 1017 3073 Πρόβον
1030 2989 1161 3071 διαγνω-

144 3155 185 3208 25.
203 3170 237 3205 an
254 3151 513 3224 διαγωρισθέντιονλ

85 3302 127 3353 par
141 3289 298 3342 solitudinem
316 3296 344 3343 et
360 3290 431 3343 iuxta
448 3292 598 3361 Euphraten
617 3290 648 3343 ad
667 3291 822 3349 Aboreorr'sm
837 3292 865 3339 et
882 3286 1037 3339 Anathorum
1054 3287 1161 3341 castella

86 3358 163 3411 Persis
188 3359 327 3411 tributaria
349 3360 474 3426 perducit.
518 3360 577 3411 inde
601 3359 735 3410 discedens
759 3358 784 3409 in
803 3359 866 3408 lines
883 3358 1054 3407 Circesiorum
1073 3357 1161 3408 deler-

87 3430 134 3487 tur‚
150 3435 177 3479 et
192 3429 277 3480 adhuc
295 3428 327 3479 atl
345 3428 467 3479 decimum
485 3428 595 3495 lapidem
614 3429 729 3486 distans,
746 3429 859 3477 nuntium
877 3426 902 3476 ln
920 3428 1007 3477 urbem
1026 3427 1160 3492 superad-

86 3502 154 3545 ventu
177 3512 224 3548 suo
250 3496 397 3564 recentique
429 3496 573 3548 calamitate
598 3514 628 3547 ac
654 3495 797 3547 deliberato
822 3494 855 3545 ad
880 3495 1017 3547 Caesarem
1042 3493 1159 3562 perfugio

87 3560 167 3626 mittit,
188 3565 261 3617 cuius
283 3566 383 3617 adiutus
400 3565 501 3617 auxiliis
526 3564 612 3617 redire
635 3563 733 3615 donnum
751 3564 888 3616 desideret.
923 3562 1002 3615 tertia
1018 3564 1100 3614 noctis
1118 3563 1160 3613 vi-

87 3628 140 3694 gilia
156 3634 237 3683 nuntii
254 3634 287 3685 ad
313 3642 402 3701 portas
426 3633 572 3696 allueruut3
596 3633 638 3702 qui
657 3640 685 3685 ut
708 3633 856 3686 custodibus
874 3634 906 3683 de
922 3632 1038 3699 ingressu
1056 3630 1158 3698 signiti-

88 3708 182 3763 carunt,
199 3702 238 3752 illi
255 3703 374 3755 contiuuo
393 3702 424 3755 ael
442 3702 512 3755 urbis
530 3721 561 3755 nc
581 3703 701 3772 praesidii
721 3704 876 3771 praesectum
895 3704 1030 3760 accedunt,
1047 3699 1079 3751 de
1097 3715 1159 3751 coo-

88 3769 192 3821 vcrslone
215 3786 298 3821 rerunt
324 3772 457 3824 certiorem
480 3773 585 3823 fuciunt.
620 3772 719 3824 Probus
745 3774 805 3837 (boc
823 3771 954 3837 praelecto
979 3786 1068 3820 nemen
1086 3769 1156 3833 erat)

90 3832 207 3890 (lrosroen
226 3839 341 3891 manain
360 3842 448 3893 urbenr
464 3840 634 3892 introductum
652 3842 748 3893 urbane
765 3849 792 3893 et
808 3838 949 3891 hurunniter
965 3845 1070 3898 tractat,
1088 3836 1156 3885 eius-

90 3908 273 3969 ordenatores,
292 3924 359 3974 qtrue
378 3910 501 3971 lactentes
522 3910 603 3960 arllruc
621 3910 732 3961 iulbutes
749 3906 897 3976 gestabant,
914 3908 1038 3959 satellites
1055 3921 1158 3971 quoquc

91 3978 114 4019 et
126 3977 247 4037 custodes,
263 3976 307 4044 qui
321 3976 427 4043 triginta
445 3981 648 4038 uutnetubautur,
667 3980 745 4030 babet
762 3979 948 4043 benignissime.
982 3974 1024 4025 die
1039 3973 1157 4038 sequenti

93 4035 184 4095 l'robunr
201 4046 329 4097 Chosroes
345 4054 404 4098 orat
428 4054 456 4098 ut
481 4066 528 4117 per
545 4064 599 4099 enm
618 4047 718 4097 litteras
736 4047 768 4098 ad
785 4048 919 4097 Caesarem
943 4042 1043 4093 mittere
1059 4042 1109 4092 sibi
1126 4041 1158 4092 li·

94 4114 146 4158 cent
178 4113 265 4165 annuit
289 4114 473 4183 epistolamque
498 4117 567 4184 regis
591 4116 810 4167 transmittendam
835 4113 950 4179 suscipit.
992 4120 1097 4180 postero
1114 4110 1158 4163 dia

95 4172 233 4233 Comentiolo
251 4183 309 4235 duel
333 4183 466 4252 lllctapoli
490 4186 594 4254 degenti
616 4184 750 4235 Cltcsroeu
772 4185 805 4234 atl
828 4201 856 4233 se
880 4181 981 4232 vertisse
1006 4179 1113 4235 scribit.
1131 4186 1159 4231 ct

94 4243 207 4324 epistularu
230 4269 303 4319 quarn
328 4250 371 4304 ille
401 4252 551 4323 imperatori
580 4252 719 4321 supplicem
746 4251 934 4319 conscripserat
957 4248 1082 4316 adiungit.
1119 4250 1159 4299 bis

96 4311 136 4365 stbt
150 4330 164 4367 a
178 4316 260 4372 Probo
285 4320 455 4390 significatis,
480 4322 653 4379 comentiolus
676 4320 719 4374 uni
744 4320 777 4372 dc
795 4319 942 4372 cursoribus
959 4316 1158 4387 Hierapolitanis
