2817 4742
102 1182 440 1280 PRAEFATIO
471 1178 863 1278 TYPOGRAPHI
893 1173 1109 1279 VENETl

280 1408 348 1488 10.
371 1404 655 1486 naamanin
680 1404 940 1505 ausonam,

51 1893 233 2004 Absolutis
271 1934 380 2019 viginti
419 1946 450 1999 et
487 1935 606 2001 duobus
633 1937 788 2003 Historiae
820 1935 1009 2023 Byzantinos
1034 1933 1154 2015 Tomis,

52 2045 167 2129 quibas
191 2039 371 2105 Parisiensis
389 2037 493 2103 Editio
513 2050 646 2119 ,constat3
670 2060 740 2105 eoae
763 2040 850 2122 Tibi,
878 2036 1011 2107 Candide
1036 2038 1153 2119 halon

51 2138 242 2227 vigesimum
272 2142 393 2205 tertium
417 2140 706 2229 supplementorum
729 2140 905 2226 Velamen,
942 2166 1002 2233 quo
1033 2138 1155 2210 v'euau

51 2246 158 2312 Etlitio
186 2248 262 2311 liaeo
286 2265 372 2326 mea,
412 2245 562 2309 dminus
579 2241 696 2327 Regiae
720 2240 881 2335 Typorum
898 2246 1046 2329 elegantia
1065 2264 1155 2333 prns-

53 2363 135 2416 stare
163 2349 292 2438 poterit,
330 2368 458 2429 numero
487 2360 566 2411 certa
590 2347 763 2436 praestabit.
814 2346 907 2413 Initio
932 2348 1033 2412 statim
1055 2346 1155 2415 Volu-

53 2453 150 2517 minis
175 2450 353 2532 Gatalognm
377 2432 516 2532 omnium
542 2449 681 2537 Operum
701 2450 735 2514 in
755 2472 794 2515 eo
820 2450 1155 2528 concomitantiam,

53 2567 88 2619 ut
111 2577 177 2619 uno
202 2552 311 2617 intuitu
337 2552 475 2638 quaeant
499 2563 610 2639 quanta
638 2551 835 2617 additamenti
861 2557 929 2619 loco
955 2553 1010 2617 ubi
1037 2574 1156 2640 propo-

53 2670 163 2723 nantur
188 2656 315 2739 legenda
346 2639 565 2743 dep‘iehendas.
613 2653 664 2719 De
688 2657 816 2739 singulis
846 2658 1014 2743 quibusque
1040 2655 1154 2742 Operi-

55 2764 133 2841 hua,
166 2757 266 2846 (leque
296 2779 405 2837 eorum
435 2758 614 2821 Auctoribus
645 2758 723 2820 nihil
756 2770 803 2821 est
834 2757 917 2843 quoal
948 2778 1006 2838 ago
1038 2756 1156 2833 alicam

57 2884 127 2924 cum
150 2863 231 2924 hane
255 2853 396 2948 Spartam
424 2859 558 2924 ornarint
581 2862 632 2923 vel
662 2859 755 2945 primi
778 2858 938 2939 Editorea,
976 2858 1029 2925 vel
1056 2855 1154 2923 lnter-

56 2975 170 3053 pretes.
220 2962 341 3043 Unum,
367 2962 406 3026 ale
430 2983 491 3048 quo
515 2963 682 3049 praefarer,
708 2973 801 3026 restat
824 2960 892 3027 MS.
914 2960 1004 3049 Opus
1028 2957 1156 3049 Iosephi

57 3063 184 3131 Genesii
210 3064 251 3131 (le
279 3063 385 3129 Rebus
411 3056 751 3153 constantinopolitanis
776 3086 795 3129 a
819 3064 925 3130 Leone
945 3063 1089 3129 Armenio
1114 3062 1154 3128 ad

54 3168 206 3236 Basiliam
227 3166 428 3233 Macedonem
453 3167 674 3248 continuatum,
695 3167 779 3257 quod
797 3170 829 3232 iu
854 3169 897 3231 tui
923 3169 1053 3252 gratiam
1073 3188 1154 3231 nune

55 3275 189 3359 primum
213 3272 333 3359 publica
352 3274 418 3335 luce
442 3271 565 3352 frasinu,
597 3270 791 3336 Eruditonrm
816 3272 958 3335 manibus
982 3269 1151 3337 terendum.

57 3375 167 3441 luctor
199 3375 251 3437 hio
282 3374 396 3438 laonia
428 3374 646 3461 sapientissimi
675 3372 873 3461 Imperatoris
912 3384 1010 3437 aetate
1041 3373 1153 3451 lionait,

59 3477 182 3566 eiusque
212 3476 270 3539 lilii
297 3473 490 3541 Constantini
513 3476 766 3564 Porphymgeniti
794 3478 880 3541 iussu
909 3474 1028 3541 ridetur
1051 3476 1153 3541 hiato-

59 3579 133 3642 riam
156 3581 236 3644 hane
260 3579 492 3667 conscripsisse:
518 3577 558 3642 de
578 3601 639 3665 quo
659 3580 769 3658 etiam,
794 3580 857 3648 ubi,
871 3600 940 3643 sese
965 3579 1075 3643 obtulit
1099 3599 1153 3642 oo-

58 3681 157 3762 aasio,
189 3702 301 3763 magna
329 3680 478 3768 loquitur,
513 3693 545 3745 et
573 3679 734 3769 praedicat.
783 3680 930 3746 Eiusdem
962 3679 1153 3744 Constantini

58 3783 139 3848 iussu
166 3784 342 3850 concinnata
360 3786 418 3847 luit
438 3781 687 3871 chronographia
705 3794 777 3871 post
795 3782 1035 3872 Theophanem,
1060 3802 1152 3870 quam

58 3883 159 3951 'lamo
193 3886 326 3951 decimo·
356 3897 444 3950 sexto
477 3887 592 3967 hahes3
636 3885 788 3972 aliquanto
823 3898 926 3950 tamen
959 3884 1044 3973 prius
1076 3886 1152 3951 haec

60 3984 183 4054 Geneaii
213 3988 358 4068 historia,
398 3988 438 4052 cle
470 3990 555 4053 onius
582 3990 661 4073 stylo
689 4010 746 4053 neo
771 3990 919 4073 eleganti,
960 3998 992 4051 et
1024 3990 1152 4052 obscano

60 4092 190 4172 passim,
222 4092 318 4155 atiena
352 4111 406 4155 me
440 4103 574 4170 tacente,
614 4112 789 4175 eognosces.
839 4091 942 4157 lauris
967 4088 1065 4154 adhuc
1091 4091 1152 4156 hoc

62 4187 146 4279 Opas
171 4196 252 4258 inter
276 4192 356 4257 lllM.
376 4192 435 4260 SS.
453 4192 661 4260 Bibliothecae
683 4194 880 4261 eniditissimi
905 4192 1035 4259 Domini
1060 4189 1153 4259 loan-

62 4292 107 4356 nis
133 4293 280 4362 Bnrhandi
307 4294 496 4379 Menckenii,
533 4300 586 4383 qui
614 4319 710 4386 nuper
736 4301 800 4387 lato
827 4296 923 4365 literis
948 4296 1074 4397 inimico
1104 4297 1154 4362 vi·
