2817 4742
260 352 333 423 130
647 351 970 423 THEOPHYLACTI

256 531 297 613 τῇ
320 525 447 609 ἐπιβολῇ
468 528 525 607 τῆς
549 518 748 601 ἀποστάσεως
767 504 953 609 uopl7ech
973 522 1027 590 τδν
1049 523 1084 590 tt
1098 528 1155 607 τῆς
1170 523 1345 607 τυραννίδος

257 629 375 711 πατίροι
395 624 593 715 (Σειμβάτιος
605 628 703 711 ὄνομα
718 627 824 717 αὐτῷ)
847 628 971 709 δέσμιον
985 634 1110 709 βασιλεῖ
1122 621 1343 711 παρεστήσατο.

256 738 315 797 τοῦ
339 732 372 795 δι’
393 730 542 812 βασιλίως
564 731 677 812 τεμίνει
697 733 862 815 διαιτητῶν
874 730 930 813 τήν
944 727 1083 811 βάσανον
1097 736 1152 812 τής
1165 730 1345 811 κατηγορίας

166 836 189 891 Ρ
206 839 240 894 73
258 833 469 917 εὐσεβέστερον
493 830 718 918 ἐξαρτήσαντας
723 882 734 915 ,
759 835 811 898 iva
824 833 869 917 μή
884 840 928 922 τῷ
944 828 1133 921 άνεξετάστῳ
1155 838 1219 898 τῶν
1244 834 1346 915 ίγκλη-

254 932 362 1020 μάτων
383 936 479 1025 ἀδίκῳ
500 939 657 1027 παρρησίη
672 938 710 1003 τά
724 943 780 1019 τῆς
792 943 897 1019 ποινῆς
909 932 1141 1020 πολιτεάσηται,
1157 939 1364 1015 ‚nabopala-5

191 1062 193 1067 ·
254 1048 347 1124 γεῖται
363 1038 448 1123 παρδ
463 1045 518 1104 τοῦ
535 1042 634 1105 αίτιόυ
654 1039 692 1105 τά
707 1035 965 1123 πλημμελήματα.
1017 1041 1068 1104 καί
1090 1041 1171 1121 δῆτα
1187 1044 1252 1103 τῶν
1267 1039 1345 1101 δεδι-

254 1139 392 1207 κακάτων
420 1143 702 1227 προσενεγκαμίιων
729 1141 905 1227 ἀπόφασιν,
939 1145 1071 1232 τιμωρίᾳ
1092 1166 1125 1207 τε
1146 1136 1344 1227 θηριοβλήτιρ

254 1240 420 1330 φησάντων
434 1243 507 1321 τοδς
522 1245 562 1309 τά
576 1252 706 1311 τοιαῦτα
719 1244 897 1330 δράσαντας
912 1243 1049 1309 ε’κποδιδν
1065 1250 1127 1309 τῶν
1142 1242 1344 1328 ἀνθρωπίνων

253 1346 395 1431 γενέσθαι
411 1343 617 1432 πραγμάτων,
641 1354 697 1413 τοῦ
710 1374 743 1413 τε
756 1346 894 1433 θεάτρου
910 1348 1119 1474 πλησδίντος,
1147 1373 1197 1411 και
1189 1342 1343 1428 μελλάν-
1398 1401 1399 1438 ¹

252 1473 315 1514 των
331 1444 405 1513 είναι
418 1452 538 1533 δηριων
551 1451 633 1535 βορὰ
647 1458 709 1517 τῶν
724 1449 926 1536 πεπραχότων
936 1476 976 1515 τα
965 1446 1256 1534 πλημμελήματα,
1278 1456 1342 1522 ταις
1349 1460 1399 1512 10

251 1550 415 1681 εὖρημίαις
433 1559 495 1617 τῶν
516 1549 675 1636 δήμων
641 1579 677 1619 το
700 1560 757 1618 τοῦ
781 1554 932 1633 βασιλέως
954 1558 1094 1638 προηλδε
1109 1548 1340 1637 φιλάνθρωπον.
1398 1523 1399 1622 ¹

250 1658 302 1719 καί
328 1681 345 1719 ο
333 1650 427 1737 μὲν
410 1660 510 1719 νταλν
529 1657 651 1739 θηρίων
674 1657 836 1741 διεκρίνετο
856 1659 907 1720 καὶ
924 1654 981 1737 τήν
999 1652 1176 1739 παράδοξον
1190 1655 1342 1737 σωτηρίαν
1398 1625 1399 1700 ¹

210 1774 234 1827 B
251 1757 442 1841 καρπίζεται,
469 1784 498 1823 οι
490 1757 547 1823 δ
532 1758 675 1823 ἑδεαταί
686 1764 914 1842 μεγαλαυχοῦσι
929 1763 991 1823 τῶν
1007 1754 1167 1837 ἀδοκήτων
1183 1780 1240 1821 του
1225 1762 1341 1837 βοι-σι
1398 1707 1399 1800 ¹

251 1858 325 1933 λίως
342 1860 568 1981 olareepppiv
535 1885 570 1926 το
586 1856 820 1946 φιλάνθρωπον.
1398 1817 1399 1952 ¹

354 1965 421 2024 Τοῦ
438 1956 539 2025 πάντα
554 1962 623 2043 δέγ
601 1959 716 2046 χρόνου
736 1958 920 2041 καινίζοντος
933 1988 966 2027 τε
982 1963 1034 2026 καί
1049 1953 1399 2047 παραγαραττοντος
1348 1969 1399 2024 15

250 2064 301 2129 καί
321 2063 568 2148 διαμορφοῦντος
585 2089 634 2128 και
627 2062 759 2128 άλλοτε
779 2063 880 2139 άλλως
893 2062 1097 2141 πλάττοντος,
1125 2060 1176 2127 καί
1192 2062 1339 2146 μετατρί-
1398 2105 1399 2142 3

248 2190 361 2241 ποντος
372 2172 412 2251 τῇ
425 2172 614 2253 περιστροφῇ
629 2172 684 2249 τής
697 2164 866 2249 άεικινήτου
884 2161 1040 2246 δινήσεως,
1062 2167 1112 2229 καί
1128 2172 1172 2252 τῷ
1189 2164 1273 2240 άξοιι
1285 2170 1339 2245 τῆς
1398 2151 1399 2212 ¹

247 2274 418 2353 περιφοράς
432 2275 494 2333 τῶν
506 2265 695 2355 πραγμάτων
709 2275 932 2353 τυραννοῦντος
944 2266 979 2332 τδ
994 2263 1114 2352 πάγιον,
1135 2269 1186 2331 καί
1203 2266 1250 2331 άελ
1265 2266 1339 2351 πρὸς

247 2371 284 2437 sd
297 2371 423 2452 βίβαιον
437 2369 700 2457 δυσαρεστοῦντίς
715 2396 747 2437 τε
761 2374 811 2437 καί
827 2370 1080 2456 νοσηλευομάνου,
1108 2373 1160 2434 καί
1177 2367 1246 2435 ὅποι
1262 2376 1338 2451 στή-

247 2499 297 2537 ναι
321 2479 377 2556 τῆς
399 2471 517 2557 πλάνης
538 2473 594 2539 οὐκ
613 2474 754 2557 ἔχοντος,
781 2476 831 2541 καί
852 2480 891 2561 τῇ
910 2480 966 2557 τῆς
980 2474 1161 2557 παλιρροίας
1186 2470 1373 2559 άνωμάλριλθ

246 2572 358 2657 κινήσει
372 2575 407 2641 mi
421 2575 583 2662 άνίδρυτον
598 2578 791 2659 κεκτημένου,
819 2580 981 2660 συμβαίνει
995 2575 1031 2641 cd
1047 2580 1215 2659 sparnarius
1231 2580 1337 2659 καιροῦ
1398 2635 1399 2638 ,

245 2684 285 2764 τῇ
305 2684 367 2744 τῶν
381 2684 513 2765 Περσῶν
533 2684 673 2771 βασιλείᾳ
688 2676 851 2765 παράλογά
865 2706 931 2757 πως
946 2674 1139 2762 παθήματα,
1168 2676 1290 2741 δ’κθεσίν
1306 2700 1337 2741 τε
1398 2695 1399 2774 ]

246 2771 456 2869 ἀφηγημάτων
471 2783 636 2867 κεκτημίνα
654 2782 711 2850 υδκ
728 2782 882 2868 ἄκομψον.
935 2787 992 2849 τοῦ
1007 2780 1066 2871 γάρ
1082 2779 1196 2868 Βαράμ
1210 2778 1256 2866 μή
1269 2782 1337 2845 δια·
1398 2779 1399 2872 ¹

315 2946 358 3001 1³
375 2942 469 3015 etat]
488 2945 561 3003 οίτε
578 2946 624 3001 ῙΡ.

246 3080 389 3135 inchoatam
411 3082 580 3137 deiectionem
602 3082 752 3148 intercidit,
776 3088 958 3153 auctoremque
975 3088 1003 3137 et
1018 3084 1175 3139 incentorem
1197 3082 1337 3146 turbarum,

246 3151 406 3233 Symbatiam
427 3152 570 3216 vocabulo,
595 3152 709 3205 vinctum
725 3153 877 3221 imperatori
892 3155 1054 3207 transmittit.
1087 3154 1131 3205 ille
1147 3152 1336 3205 accusationem

245 3219 353 3272 arbitris
370 3234 460 3271 sacrae
477 3218 565 3272 curiae
581 3219 773 3275 examinandam
789 3222 833 3287 pie
850 3223 1014 3285 commendat,
1029 3240 1063 3274 ne
1080 3223 1112 3273 de
1128 3221 1275 3273 criminibus
1288 3236 1336 3271 non

244 3287 420 3371 interrogatur
437 3297 526 3341 contra
542 3286 582 3339 ius
598 3289 690 3357 iusque
708 3304 804 3369 pqenas
821 3289 974 3342 exsolveret.
999 3291 1095 3341 delicta
1112 3306 1173 3341 reus
1190 3288 1335 3340 confitetur.

245 3356 343 3410 iudices
367 3357 516 3409 sententiam
541 3357 644 3417 terunt,
671 3356 809 3409 bestiarum
833 3356 930 3409 laniatu
961 3356 1102 3410 huiuamodi
1126 3357 1251 3409 scelerum
1268 3374 1335 3409 com·

245 3434 334 3494 partos
351 3443 383 3478 ex
402 3427 526 3479 hominum
543 3426 599 3479 vita
616 3392 743 3478 tdllendoa
759 3441 826 3478 esse.
860 3426 988 3478 theatrum
1008 3425 1200 3507 spectatoribus
1224 3426 1350 3509 comple-l

245 3498 305 3557 tur,
329 3495 486 3546 facinorosus
503 3512 519 3547 a
537 3493 630 3547 belluis
646 3494 809 3548 devorandus
825 3501 1005 3564 exspectatur,
1026 3511 1080 3547 cum
1097 3494 1261 3561 imperatoris
1281 3495 1335 3548 ele-

246 3561 344 3615 mentia
362 3561 451 3630 populi
468 3562 663 3615 acclamationes
685 3563 835 3616 antevertit.
871 3570 898 3617 et
914 3564 958 3615 ille
976 3562 1079 3631 quidem
1098 3580 1114 3615 a
1131 3563 1222 3616 bestiis
1237 3562 1335 3616 libera-

245 3637 304 3695 tur,
322 3630 479 3698 salutemque
496 3637 598 3699 practer
614 3646 685 3683 suam
700 3632 857 3700 aliorumque
874 3632 1017 3701 opinionem
1031 3632 1206 3715 consequitur:
1230 3639 1336 3711 specta-

138 3717 142 3722 ’
244 3708 315 3753 tores
337 3699 516 3767 imperatorem
539 3699 572 3753 ds
593 3698 732 3769 improvisa
752 3702 928 3755 misericordia
949 3711 978 3756 et
1000 3700 1155 3755 humanitate
1170 3697 1316 3754 laudibus
1307 3713 1335 3750 sn

243 3770 341 3823 coelom
359 3768 480 3821 efferunt.

313 3838 451 3890 Caeterum
474 3834 535 3887 dum
556 3842 656 3919 tempus
678 3837 762 3891 omnia
786 3843 865 3889 novat
881 3842 909 3891 et
924 3838 1052 3892 adulterat
1069 3845 1097 3892 et
1115 3837 1286 3892 transformat
1308 3838 1336 3887 et

245 3904 309 3959 alias
329 3906 405 3959 aliter
421 3906 498 3974 tingit
514 3906 667 3988 perennique
683 3906 856 3959 conversionis
872 3924 937 3976 gyro
953 3907 1116 3977 circumagit,
1133 3914 1161 3958 et
1173 3904 1241 3972 quod
1255 3905 1334 3956 fixum

245 3987 278 4026 ac
293 3976 390 4027 firmum
407 3983 460 4040 est,
486 3974 626 4027 mobilitate
642 3983 670 4027 et
685 3976 755 4028 tiuxu
773 3992 858 4028 rernm
875 3978 1036 4029 humansrum
1052 3994 1100 4029 ceu
1118 3984 1176 4027 rota
1194 3971 1334 4025 crudeliter

246 4052 334 4097 versat
356 4060 387 4095 ac
407 4014 596 4109 circumvolvit,
621 4060 773 4113 semperque
796 4046 964 4096 constantiam
981 4053 1009 4097 et
1024 4043 1192 4097 stabilitatem
1211 4040 1280 4106 odit,
1307 4046 1334 4094 et

246 4110 303 4164 eius
318 4128 395 4165 causa
412 4113 476 4166 male
493 4129 522 4165 se
538 4114 632 4175 habet,
655 4121 683 4166 et
699 4114 743 4167 ubi
760 4129 872 4165 errorem
889 4115 984 4175 sistat,
1006 4130 1057 4165 non
1073 4110 1186 4176 invenit,
1210 4116 1236 4162 et
1253 4109 1335 4163 reflu-

246 4196 294 4233 xus
310 4186 379 4233 motu
395 4179 523 4249 inaequali
539 4150 729 4235 instabilitatem
746 4198 816 4233 snam
833 4181 955 4243 ostendit,
973 4149 1031 4233 dom
1046 4178 1146 4242 haec,
1138 4196 1248 4246 mquam,
1266 4189 1334 4232 tem·

264 4264 294 4299 ns
307 4248 383 4313 iacit,
402 4251 503 4333 quidam
520 4266 595 4303 casus
611 4256 663 4303 tum
679 4250 806 4319 inopinati
822 4267 904 4317 regno
921 4256 1075 4311 evenerunt,
1093 4264 1197 4317 quorum
1214 4248 1335 4301 nouerit

243 4265 383 4387 inelegans
393 4320 515 4373 narratio.
538 4336 595 4374 nam
613 4336 668 4373 cum
683 4322 808 4375 Vetanus
824 4318 910 4373 odium
925 4318 1052 4373 adversos
1067 4286 1245 4385 hormisdam,
1262 4315 1334 4388 quod
