2817 4742
111 870 138 926 p
153 799 206 928 ,ἐξ
224 829 258 902 1.
303 785 428 898 ’Enni
445 824 479 895 δ’
493 822 596 914 δρκοις
607 826 650 894 sd
661 832 718 912 τῆς
733 829 914 916 τυραννίδος
932 827 1131 915 ἀπετετχίζετο
1148 827 1200 894 καλ
1215 849 1310 892 σπον-

220 932 330 1020 δαῖςῆ
350 928 459 1008 στόσις
477 928 713 1019 ίοιμκοδόμητο,
736 933 911 1018 ίπαθροίζει
930 933 1121 1018 συμμαχικόν
1144 928 1161 998 ό
1180 927 1309 1014 Βαράμ,

219 1033 309 1104 καλό
329 1030 488 1120 ίπιχεόριος
507 1032 646 1120 Πέρσαις
664 1032 845 1119 ίκρατόνετο
866 1033 1008 1119 πόλεμος.
1060 1031 1312 1123 ίπεστρατολόγει
1399 1077 1400 1118 η

216 1141 255 1206 δέ
266 1124 349 1223 uniri
364 1140 431 1225 περί
444 1132 677 1222 τδνὉρμίσδαν
692 1137 854 1222 δυσμένεια
867 1147 911 1229 τῷ
930 1139 1046 1226 Βοράμ
1065 1135 1240 1222 πρόσθετον
1261 1139 1312 1203 reni

217 1240 379 1329 inixnvpns
405 1236 554 1323 δόναριιν·
583 1241 707 1324 Πέρσαι
727 1240 786 1328 γάρ
808 1241 838 1308 ni
858 1242 936 1329 πρός
953 1248 991 1330 τῇ
1010 1244 1116 1323 Νίσιβι
1138 1267 1312 1326 στρατοπε-

218 1341 359 1422 δεόοντες
365 1343 436 1430 ἀρτι
447 1368 508 1409 που
520 1340 581 1412 ἀπὸ
586 1341 746 1426 Ῥωμαίων
759 1345 1063 1430 καταπολεμηθέντες
1074 1346 1208 1434 δημοσίᾳ
1222 1339 1311 1408 ε’κτά-

218 1452 280 1528 ξει,
311 1448 351 1514 sd
374 1449 443 1534 περλ
464 1445 520 1512 τάν
542 1443 697 1532 Βαράμην
720 1443 883 1531 ἀκηκοότες
906 1444 1086 1532 παράδοξα,
1114 1447 1313 1513 ἀποκλίνουσι
1400 1507 1401 1520 ,

218 1549 298 1639 πρὸς
318 1545 490 1617 ἀπόστασιν
495 1597 508 1631 ,
534 1547 655 1638 ἀδελφά
670 1556 733 1616 τῶν
754 1551 856 1639 έκείνρι
874 1551 1139 1637 διεγχειρηθέντων
1152 1545 1313 1634 όποζηλιό-

129 1667 155 1723 P
169 1669 204 1724 91
221 1679 341 1730 σαντες.
391 1649 512 1720 rodum
529 1653 568 1738 δὴ
582 1653 791 1739 ἀγγελθέντων
806 1660 851 1741 τῷ
864 1651 979 1739 Βαράμ
987 1703 997 1735 ,
1022 1654 1162 1738 πρέσβεις
1179 1651 1242 1716 ἀπὸ
1257 1658 1326 1735 τῆς

200 1812 203 1817 .
218 1759 290 1845 περλ
305 1756 401 1823 αάτδν
416 1752 559 1838 πληθόος
573 1756 757 1840 ἐκπέμπεται
769 1755 847 1843 πρός
861 1758 917 1840 τὴν
931 1760 1073 1839 Νίσιβιν,
1099 1756 1150 1820 καὶ
1170 1760 1215 1841 τῷ
1232 1755 1348 1826 Iun-10

219 1867 309 1950 γιογῷ
328 1866 391 1928 τῶν
400 1855 594 1943 ἀποσχέσεσιν
608 1856 834 1947 καρτερώτερος
844 1859 971 1944 Μήδοις
987 1857 1003 1926 ό
1017 1857 1164 1946 έμιγόλαος
1175 1847 1310 1922 unieru-
1401 1855 1402 1864 ’

218 1959 340 2050 ρεόεται
361 1959 504 2043 πόλεμος.
556 1962 587 2027 ci
607 1963 665 2047 μέν
684 1955 740 2028 σόν
750 1961 825 2040 τοὺς
838 1964 980 2048 πρέσβεις
995 1959 1149 2044 δεξόμενοι
1164 1959 1242 2044 πρὸς
1254 1960 1310 2044 τὴν

218 2062 309 2131 πόλιν
325 2070 463 2149 χωροῦσι
482 2064 541 2149 τὴν
562 2067 698 2148 Νίσιβιν.
752 2068 820 2151 περλ
842 2067 900 2149 τὴν
921 2064 1021 2149 πόλην
1037 2067 1072 2130 δέ
1085 2061 1240 2151 γεγονότες
1253 2069 1309 2129 τοῦ

218 2167 328 2245 ἀοτεος
346 2164 558 2254 συνεκόρησαν
577 2165 823 2256 Χουβριαδόνη,
846 2168 882 2244 ὃς
903 2175 966 2234 τῶν
981 2169 1012 2234 έν
1026 2167 1124 2246 ἀξίαις
1143 2165 1308 2234 τελοόντιυν

218 2270 304 2358 παρδ
319 2271 457 2355 Πέρσαις
469 2267 565 2337 έδόκει
573 2319 584 2352 ,
611 2268 747 2354 έειόπτης
759 2296 793 2338 τε
805 2278 868 2338 τῶν
881 2273 1045 2356 δρωμένων
1060 2272 1139 2336 κυτά
1151 2271 1205 2336 τάν
1219 2266 1343 2338 ridle-15

214 2401 276 2457 μον
289 2371 351 2441 ἀπό
359 2371 513 2459 Ὀρμίσδα
528 2376 778 2461 προεκεχείριστο.
824 2382 935 2442 τοῦτον
948 2372 1176 2458 καταβαλόντες
1188 2379 1243 2437 τοῦ
1255 2372 1307 2434 ‘irr-

177 2482 278 2542 Bsrcu
300 2473 568 2561 ἀκροτομήσαντίς
588 2503 622 2543 τε
648 2477 702 2543 τδν
721 2480 870 2558 δείλαιον,
900 2479 958 2559 τὴν
976 2475 1110 2562 κεφαλὴν
1130 2480 1193 2539 τῶν
1213 2473 1245 2536 ἔν
1263 2476 1307 2559 τῷ

217 2574 364 2666 τραχήλῳ
391 2575 575 2663 σφονδόλιυν
603 2577 837 2662 ἀποκναιόμενοι
864 2575 1006 2660 σόριβολα
1031 2582 1130 2641 ταῦτα
1156 2572 1308 2665 Ὁρμέσδη
1403 2590 1404 2614 ³

219 2677 428 2767 ἀδιαλλάκτου
442 2679 524 2755 τινὸς
538 2680 736 2764 παρέπεμπον
751 2677 897 2754 στόσεινς.
935 2675 1192 2764 κατεργασόμενοι
1208 2678 1243 2743 δέ
1256 2677 1309 2744 τὸν

219 2783 320 2872 ἀνδρα
333 2785 438 2859 δεινῶς
444 2831 455 2863 ,
484 2783 535 2849 κοιλ
552 2781 632 2848 κατά
647 2781 703 2865 τὴν
718 2779 806 2849 πόλιν
821 2776 1056 2870 είσφρῆσανιες,
1084 2781 1162 2865 πρὸς
1177 2783 1346 2867 drapum-z)

217 2887 275 2974 γὴν
290 2893 353 2953 τῶν
366 2887 480 2952 ίκεένου
491 2881 660 2970 χρημάτων
673 2881 853 2972 ίτρόποντο.
904 2888 1016 2970 γίνεται
1034 2886 1137 2950 τοίνυν
1161 2883 1239 2950 κατά
1254 2884 1310 2967 τὴν

218 2993 345 3073 Νίσιβιν
360 2991 512 3072 διωμοσία
526 2989 659 3078 καρτερά
674 2988 729 3078 έφ’
748 2979 774 3081 ᾧ
788 2988 842 3056 τάν
854 2985 1024 3076 Ὀργιίσδαν
1037 2984 1309 3074 ἀπαχειροτόνητον

219 3256 246 3311 1.
279 3204 450 3322 Tymnnide
471 3250 639 3305 aucmentis
657 3248 824 3305 ecmtebilits
846 3249 1041 3372 delectionepne
1063 3247 1176 3303 lcederis
1192 3248 1307 3370 luten-pn-

219 3322 265 3378 'sitl
289 3322 416 3390 religione
440 3321 604 3386 confirmate,
627 3321 753 3375 Verresne
775 3319 873 3374 auxilia
895 3320 988 3389 cnnqni
1013 3327 1039 3382 t,
1066 3320 1194 3390 civileque
1218 3319 1307 3373 belum

218 3392 289 3446 inter
312 3391 407 3445 Perses
428 3390 605 3459 ingravescit,
629 3407 685 3443 cnm
707 3390 765 3460 ipse
787 3406 890 3459 qunque
909 3389 1048 3442 eommunis
1064 3389 1170 3443 emnium
1187 3388 1308 3443 sdversns

217 3460 382 3516 Hormisdsm
406 3460 503 3515 invidie
526 3461 559 3514 sd
583 3476 629 3514 ees
651 3459 742 3529 copies
768 3459 940 3512 accessionem
968 3459 1162 3527 subsidiumque
1193 3457 1307 3515 efferret.

218 3531 312 3584 etenim
338 3530 434 3583 l'ersse
476 3548 539 3599 rcpe
563 3528 672 3584 Nisibin
694 3536 923 3582 castrametantes
941 3536 1174 3598 etnupersperto
1192 3529 1308 3581 blerteu

217 3598 341 3653 Romanis
362 3547 477 3661 devicti,
500 3599 642 3668 inopinatis
664 3614 743 3667 super
767 3598 878 3652 Verumn
902 3595 1111 3658 nuntiemini,
1136 3596 1240 3650 desem
1256 3596 1306 3650 lide

218 3669 276 3723 eius
293 3683 372 3721 tusus
388 3666 504 3719 initendi
520 3669 609 3720 studio
627 3667 832 3722 concitabuntur.
867 3667 894 3720 id
918 3675 1051 3738 postquem
1068 3666 1112 3717 ille
1129 3666 1250 3729 rescivit,
1274 3665 1306 3718 de

176 3769 181 3780 ·
219 3736 335 3791 exercitu
357 3752 403 3805 suc
427 3736 527 3804 legstcs
546 3752 603 3788 cnm
625 3736 818 3806 promissionum
834 3737 963 3791 illecebris
982 3735 1085 3788 Nisibin
1102 3734 1195 3800 mittit,
1216 3734 1305 3803 quibus

218 3805 320 3859 deliniti
347 3805 417 3858 cives
440 3812 530 3859 contra
555 3804 626 3858 cives
649 3805 763 3858 atrocius
788 3805 894 3861 miscere
912 3815 940 3859 et
955 3802 1056 3869 epicam
1073 3821 1143 3856 nrme
1160 3810 1302 3872 coeperunt.

218 3874 337 3928 edmissis
352 3874 442 3944 itsque
458 3873 552 3944 legetis
569 3873 671 3926 Nisibin
689 3875 842 3943 procedunt.
877 3875 909 3929 nd
927 3881 1025 3941 pnrtsm
1042 3873 1114 3926 urbis
1131 3878 1160 3925 nt
1176 3879 1305 3934 venerunt,

218 3943 247 3996 iu
264 3944 484 4008 Cbubriudenem,
508 3959 586 3996 unum
602 3943 635 3995 de
654 3943 765 3997 Persicis
781 3945 990 4014 magistralibus,
1016 3951 1045 3996 ut
1060 3943 1221 4014 apparebat.
1245 3939 1304 3991 inci-

222 4012 299 4075 dunt,
322 4014 367 4080 qui
391 4014 424 4065 sb
446 4029 510 4083 rege
535 4014 568 4067 sd
590 4030 643 4065 rem
659 4021 815 4067 castrensem
835 4012 1018 4084 inspiciendam
1036 4012 1165 4064 veniebst.
1200 4008 1258 4064 huic
1272 4009 1303 4060 sb

222 4098 291 4150 eqnn
312 4081 450 4134 deturbato
472 4100 581 4135 summus
598 4084 712 4150 corporis
730 4094 818 4152 partes
841 4082 1017 4135 miserabiliter
1035 4084 1202 4144 detruncant,
1229 4083 1303 4145 capnt

222 4160 359 4211 resecent,
382 4160 411 4203 et
435 4153 500 4203 bncc
522 4152 687 4221 implacabilis
711 4153 763 4205 odii
788 4151 827 4204 sui
844 4159 993 4220 argumente
1011 4152 1161 4204 llcrmisdue
1176 4147 1303 4200 transmit·

99 4241 108 4264 ι
222 4227 289 4271 tunt.
324 4234 380 4270 curu
398 4219 520 4271 bominem
539 4229 591 4273 turn
609 4221 737 4273 crudelem
756 4221 781 4273 in
800 4222 899 4274 medum
916 4221 1089 4274 coniecissent
1105 4217 1250 4287 oppidoque
1266 4233 1304 4268 rc·

224 4286 295 4359 cepti
316 4293 416 4355 went,
440 4287 606 4344 isndutibus
627 4289 682 4345 eius
704 4291 858 4363 diripiendis
878 4291 1006 4358 involent,
1032 4287 1219 4357 coniureutque
1234 4301 1302 4341 ecer-
