2817 4742
389 302 681 374 msroumtutt
705 301 780 371 vtl.
807 302 842 372 2.
1085 302 1158 373 273

53 500 111 542 νοι-
123 472 191 558 tet
204 500 265 542 που
279 476 330 542 καί
345 470 436 560 μόλις
450 474 523 553 τοδς
537 477 604 561 περὶ
620 473 675 542 τόν
684 468 809 560 χάρακα
824 467 1006 561 βαρβάρους
1021 469 1158 541 ἀπέκτει-

54 604 129 646 ναν.
182 577 310 665 δευτέρα
332 580 367 645 δέ
387 575 505 666 ἧμέρα,
532 581 586 645 καέ
606 577 636 644 οἱ
657 574 841 661 νενικηκότες
864 583 908 668 τῷ
933 584 1094 667 στρατηγῷ
1118 578 1158 644 τά

55 677 301 768 συγκυρήσαντα
315 679 492 769 διεξῄεισαν.
545 691 714 764 πεμπταῖος
728 682 762 746 δέ
774 677 791 745 ό
807 680 979 768 στρατηγός
993 681 1072 747 κατά
1086 687 1160 747 τοῦ·

56 810 119 851 τον
139 784 198 851 τδν
219 791 321 871 χῶρον
340 782 514 870 γενόμενος,
543 786 594 850 sni
616 781 656 869 δὴ
678 784 718 849 τά
735 784 870 870 ἐπίχειρα
885 792 947 851 τῶν
962 781 1160 867 προθεόντων

31 883 159 969 Siricis,
185 886 339 973 ἠμείψατο
363 887 438 964 τούς
460 885 760 974 ἀνδραγαθήσαντας
781 882 904 973 δεόροις.
954 892 993 974 τῇ
1013 889 1048 953 δέ
1068 884 1158 953 δστε-
1176 898 1198 953 Ρ
1218 904 1266 957 168

58 992 138 1081 ραίρε
155 999 323 1075 κυνηγετεῖν
346 986 504 1077 όΠίτρος
517 986 702 1078 πειρώμενος
716 992 826 1075 γίνεται
849 990 927 1076 πρδς
945 988 1040 1067 ἀλσος
1058 986 1158 1074 bubni.

58 1092 140 1169 συδς
154 1093 259 1157 τοίνυν
270 1094 415 1179 μεγίστου
430 1095 462 1159 ἐν
479 1091 580 1183 τούτῳ
593 1100 639 1183 τῷ
652 1094 756 1177 τίμπει
773 1090 1082 1179 κατεμφωλεόοντος,
1110 1096 1161 1159 καί

58 1202 117 1277 τῆς
131 1191 252 1279 ἀλακῆς
264 1203 328 1262 τῶν
343 1203 442 1263 κυνῶν
458 1195 618 1282 γενομένης
631 1192 780 1281 μεγάλης,
808 1194 844 1261 τδ
866 1196 980 1282 δηρίον
996 1203 1052 1261 τοῦ
1066 1192 1160 1282 ἐδρά-

58 1322 185 1380 σματος
197 1298 391 1377 ἐξανίσταται
404 1302 454 1365 καὶ
467 1300 547 1366 καεά
563 1306 619 1366 τοῦ
633 1298 758 1384 Πέτρου
772 1308 875 1382 χωρεῖ.
929 1295 945 1365 ἀ
966 1300 1000 1364 δέ
1023 1323 1160 1380 στρατη-

21 1402 115 1487 1ογδς
131 1400 212 1487 πρδς
226 1402 326 1488 φυγὴν
341 1402 540 1490 ἀναστρίψας
557 1402 611 1470 τόν
623 1403 720 1469 ἰ’ππον
735 1399 790 1467 τόν
814 1397 970 1483 εάιόνυμον
992 1398 1074 1467 πόδα
1099 1401 1161 1479 ἐξέ-

59 1510 183 1587 θλιψεν
194 1504 311 1595 δίνδριρ
325 1503 465 1589 δψιτενεῖ
475 1506 664 1593 προσραγείς.
692 1497 818 1580 όδόναις
830 1511 992 1591 τοιγαροῦν
1006 1501 1023 1569 ό
1037 1503 1159 1590 Πέτρος

60 1604 236 1695 ἀφορήτοις
258 1606 512 1694 σφακελιζόμευος
535 1611 717 1695 ἐνδιατρίβει
738 1614 783 1696 τῷ
796 1605 908 1696 χώρῳ,
931 1608 978 1673 ἐπί
997 1612 1041 1694 τῷ
1058 1603 1160 1693 σφάλ-
1177 1614 1200 1668 Β

60 1737 139 1792 ματι
154 1717 308 1797 κραταιῶς
327 1713 396 1776 λίαν
410 1709 658 1795 νοσηλευόμενος.
712 1707 729 1776 ό
744 1712 779 1776 δέ
794 1714 920 1796 Καῖσαρ
937 1706 1100 1793 ἀσχάλλων
1116 1710 1163 1775 ἐπὶ

61 1820 101 1901 τῇ
115 1819 211 1901 τριβῇ
224 1821 279 1880 τοῦ
295 1821 478 1902 στρατηγοῦ,
498 1811 556 1897 τήν
568 1840 601 1881 τε
613 1816 680 1900 περὶ
695 1813 750 1879 τόν
764 1810 898 1896 πόλεμον
912 1812 1064 1897 ἀπραξίαν
1079 1818 1164 1878 &nv-

25 1929 54 1983 15
62 1912 171 1998 μάσας
176 1964 187 1994 ,
215 1916 269 1981 τόν
285 1915 458 2001 στρατηγόν
471 1913 666 2004 ἐλογογράφει
681 1926 749 1993 ταῖς
761 1914 894 2001 ὕβρεσιν.
948 1912 965 1981 δ
982 1918 1085 1981 τοίνυν
1097 1915 1163 1981 Πέ-

61 2042 137 2102 τρος
158 2016 216 2098 τὴν
236 2016 269 2081 ἐν
289 2016 449 2101 γράμμασι
471 2022 649 2105 δυσφημίαν
668 2018 713 2103 μὴ
736 2020 838 2107 φίρων
854 2024 909 2086 τοῦ
925 2015 1163 2106 αι’·τοκράτορος,

63 2120 107 2185 ἐτι
130 2124 248 2205 πικρῶς
267 2114 329 2184 ἀπό
350 2125 407 2203 τῆς
420 2116 513 2185 νόσου
529 2120 795 2207 κατατρυχόμευος
807 2132 1014 2204 μεταποιεῖται
1036 2122 1090 2188 τδν
1102 2118 1164 2206 χά-

64 2248 164 2308 ρακα,
189 2224 242 2287 καὶ
258 2218 396 2309 τάφρους
408 2222 557 2306 τίτταρας
578 2221 747 2300 ἐναλλάξας
759 2226 807 2287 ἐπὶ
827 2224 883 2299 τάς
898 2232 960 2289 τῶν
974 2229 1164 2305 Σκλαβηνάν

66 2326 209 2414 ἐνεφοίτα
223 2320 395 2413 διατριβάς.
436 2322 548 2409 δεκάτη
562 2327 596 2391 δέ
609 2322 726 2411 ἡμέρα,
748 2328 798 2390 καὶ
815 2321 832 2390 ό
849 2322 1050 2411 αὐτοκράτωρ
1062 2330 1162 2391 Muv·
1181 2331 1204 2384 C

31 2431 167 2515 topixrnc
184 2430 340 2511 βασίλειον
359 2428 523 2511 ἐπιστολὴν
542 2435 587 2517 τῷ
611 2428 796 2518 αὗταδέλφῳ
818 2428 979 2511 ἐξέπεμπεν
995 2428 1166 2512 ἐνδημῆσαι
1256 2454 1257 2457 ’

68 2539 105 2619 τῇ
121 2528 249 2623 Θρᾴκη·
275 2527 397 2617 ἠκηκόει
411 2532 470 2617 γάρ
491 2528 509 2597 ό
525 2534 701 2615 Μαυρίκιος
718 2538 781 2597 τῶν
796 2537 985 2614 Σκλαβηνῶυ
1001 2531 1041 2596 τά
1056 2528 1165 2615 πλήθη

68 2636 98 2712 ἐς
116 2631 289 2714 Βυζάντιον
312 2634 370 2712 τάς
392 2631 491 2721 δρμάς
514 2634 673 2721 ἐπερέρειν.
725 2629 742 2698 ἀ
764 2632 797 2698 δέ
821 2633 991 2718 στρατηγός
1006 2634 1040 2697 ἐκ
1051 2631 1164 2698 τούτου

69 2739 116 2802 ἐπὶ
138 2737 175 2804 τά
190 2739 313 2804 Πίστου
328 2740 442 2824 γίνεται
459 2735 607 2825 φραόριον
615 2789 626 2820 ,
652 2736 731 2821 μετά
746 2741 839 2803 τοῦτο
859 2735 937 2822 πρδς
954 2736 994 2802 τά
1009 2735 1165 2801 Ζαλδαπά

69 2839 249 2927 ἀφικνεῖται.
299 2842 426 2925 δευτέρα
441 2843 475 2928 δέ
491 2837 607 2928 ἥμίρα,
636 2842 686 2907 καέ
702 2837 780 2925 πρός
796 2838 851 2921 τὴν
863 2838 982 2924 Ἰατρδν
1002 2838 1058 2922 τὴν
1077 2836 1165 2905 πόλιν

36 2949 164 3033 npetu}
172 2992 183 3022 ,
207 2944 257 3007 καί
273 2944 354 3025 δῆτα
369 2945 407 3011 τδ
420 2946 607 3029 Λαταρκίου
621 2940 771 3030 φροάριον
784 2945 984 3027 παραμείψας
998 2944 1040 3018 εἷς
1055 2941 1167 3023 Norici:

70 3040 352 3133 στρατοπεδεύεται.
404 3046 434 3112 ui
452 3049 556 3113 τοίνυν
577 3045 714 3134 ἐγχώριοι
734 3041 898 3129 ἀκηκοότες
918 3044 972 3111 τδν
993 3044 1165 3131 στρατηγόν

72 3260 127 3297 sero
150 3244 214 3296 licet
235 3248 263 3295 et
283 3242 340 3303 vix,
366 3243 492 3297 barbarus
515 3243 584 3296 intra
606 3242 701 3296 vallum
719 3243 858 3297 trucident.
893 3240 975 3294 altere
993 3238 1035 3293 die
1052 3238 1165 3294 victores

72 3311 149 3365 Petro
174 3312 236 3365 duci
258 3317 352 3365 eventa
374 3320 515 3381 exponunt.
551 3312 594 3382 qui
619 3312 663 3365 die
688 3313 777 3380 quintu
803 3313 830 3364 in
855 3309 944 3363 endam
970 3309 1026 3362 lucu
1050 3326 1165 3374 versans,

73 3380 235 3450 praemiaque
253 3400 270 3435 a
285 3381 510 3451 praecurrentibus
527 3391 606 3449 perta
622 3381 799 3450 conspiciens,
822 3378 898 3432 dunis
922 3394 967 3433 eus
990 3378 1023 3432 ub
1041 3378 1165 3432 virtute!

73 3455 111 3500 est
118 3457 287 3531 prosecutus.
321 3450 447 3522 postridie
464 3451 625 3504 venationem
643 3466 748 3502 exorsus
766 3447 792 3499 in
809 3447 913 3501 densum
930 3448 1057 3569 ‹puendsm
1073 3447 1166 3500 snitum

74 3524 154 3583 rsnrt,
171 3518 200 3569 in
217 3536 269 3588 qun
288 3538 352 3590 aper
367 3519 481 3573 immanis
498 3520 638 3581 delitebst,
655 3519 701 3586 qui
720 3515 818 3569 resonis
836 3533 925 3570 canum
952 3515 1078 3569 stratibus
1095 3534 1111 3569 e
1127 3516 1167 3569 la·

74 3584 151 3639 tibulu
173 3603 223 3638 sun
248 3591 348 3643 excitus
374 3590 463 3642 ducem
486 3586 561 3657 petit
596 3587 619 3639 is
644 3603 711 3653 equo
734 3584 766 3637 sd
788 3586 875 3653 fugam
892 3602 1017 3639 conuerso
1034 3585 1166 3638 sinistrum

77 3655 163 3724 pedem
187 3656 304 3710 excelsae
327 3657 414 3711 arbori
434 3658 527 3710 illisum
552 3654 707 3710 comminuit.
742 3654 874 3708 doloribus
896 3656 929 3708 ub
953 3655 979 3707 id
997 3653 1165 3707 intolerandis

76 3726 225 3788 tabescens,
247 3727 275 3777 et
297 3742 329 3776 ex
351 3726 396 3779 ἰΙΙο
418 3724 558 3780 infortunio
581 3723 700 3780 laborans
723 3723 891 3791 gravissime,
916 3724 944 3777 in
961 3722 1023 3775 lucis
1040 3721 1092 3775 iilis
1107 3738 1165 3777 sese

76 3800 149 3847 tenet
181 3793 323 3877 imperstcr
340 3811 423 3847 moras
440 3796 578 3863 indigneris
598 3802 748 3861 tantamque
765 3793 824 3845 beili
844 3792 1010 3845 cessationem
1027 3790 1166 3855 admirans,

77 3863 285 3917 atumncbcsrnres
302 3861 403 3915 litteras
420 3864 454 3915 οδ
471 3881 528 3917 cnm
545 3864 644 3917 scribit
663 3864 754 3916 Petrus
772 3862 886 3915 convicia
905 3876 954 3914 nun
970 3861 1066 3923 ferens,
1083 3876 1166 3927 qrran·

77 3944 146 3996 quam
163 3933 250 3986 adhuc
266 3930 367 3985 scerbis
383 3948 522 4000 oppressus
540 3931 714 3995 cruciatibus,
729 3929 817 3984 itineri
834 3949 865 3985 ss
881 3931 941 3995 dat,
958 3935 985 3982 et
1002 3928 1104 3997 quartis
1121 3945 1166 3981 ca·

77 4000 132 4051 stris
154 4002 215 4055 ioca
239 4000 283 4055 ubi
307 4000 394 4053 Sclnvi
415 4002 581 4053 morabantur
602 4001 717 4069 attingit
751 3999 850 4053 decimo
868 3999 911 4052 die
928 3996 1066 4051 Mauricius
1086 3997 1164 4050 fratri

77 4066 203 4146 epistulam
220 4070 385 4135 transmittit,
402 4086 454 4139 qua
470 4070 664 4138 praecipitat,
688 4067 804 4139 quonism
821 4068 934 4122 audierit
950 4067 1101 4120 Seianorum
1118 4084 1164 4121 cu·

77 4148 127 4199 prus
150 4138 260 4193 infestas
284 4140 437 4209 Byzantium
459 4138 617 4205 adventare,
642 4139 698 4209 ipss
719 4138 835 4192 Thracia
858 4136 1031 4192 neexcedat.
1065 4136 1098 4189 nb
1115 4136 1165 4189 buc

78 4200 167 4257 Pistum
186 4209 334 4271 castelium,
358 4208 451 4262 deinde
466 4208 583 4279 Zaldapa
599 4205 739 4261 contendit.
774 4217 879 4278 postero
902 4205 946 4260 dis
962 4205 1059 4259 latrum
1076 4206 1165 4259 urbem

79 4272 157 4339 venit,
174 4276 349 4346 Lstsrcicque
365 4278 470 4334 castello
487 4278 628 4350 praeterite
645 4277 737 4333 Nubat
753 4276 954 4350 appropinquat.
978 4274 1036 4329 eius
1052 4272 1165 4328 adventu

116 4353 333 4424 neophytum.
919 4352 959 4411 18
