2817 4742
475 341 622 410 REGUM
654 342 691 414 Ι..
710 340 754 409 11.
1118 340 1168 412 49

55 507 227 598 γενόμενος
249 511 307 578 σόν
327 513 436 578 ναυσίν
458 506 485 576 o'
499 510 569 587 κατ’,
589 510 694 580 αάτῶν
713 507 848 596 πόλεμον
872 503 945 598 ήρεν
969 512 1002 592 ίξ
1018 511 1168 598 ἀνατολῆς
1218 551 1222 558 ·

54 613 158 699 ἡλίου
180 613 269 701 μίχρε
291 619 348 700 τῆς
370 610 508 695 δόσεως,
536 617 588 681 καί
612 615 691 683 κατά
711 623 863 684 τοσοῦτον
878 615 983 683 αότῶν
998 617 1168 704 ἐκυρίευσεν

57 717 148 784 ὥστε
171 715 289 793 πάντας
317 720 368 783 καί
389 714 566 804 ἀναιρήσειν
585 717 770 804 βεβοόλητο.
823 717 903 785 ἀλλά
933 722 1022 785 κακοί
1040 719 1169 806 ἀρχηγοὶ

57 817 211 897 συνόντες
224 820 310 910 αάτῷ
324 820 382 886 οὐκ
397 817 554 904 εὐβούλως
567 821 745 890 ἀνίστειλαν
758 818 910 908 εἰρηκότες
925 817 1036 907 “nigasio
1047 849 1080 908 γε
1090 819 1171 889 πόν-

27 921 372 1002 5ταςόποπιίσαντες,
399 925 456 990 οὐκ
470 925 515 997 ἔτι
537 922 663 1004 πάντως
682 917 769 993 οὗτοι
786 922 970 1010 τολμήσειαν
988 933 1047 994 τοῦ
1061 932 1169 993 λοιποῦ

58 1027 145 1115 πρὸς
157 1023 241 1111 ἡμᾶς
254 1023 493 1105 ἀντιτάξασθαι.
543 1027 605 1114 ἤδη
623 1029 679 1109 vai}
696 1031 814 1118 τελέθει
823 1080 833 1110 ,
860 1028 939 1096 κατά
954 1028 1008 1096 τόν
1021 1027 1168 1115 ποιητήν·

57 1130 191 1215 ἀγαθόν
203 1133 255 1195 καὶ
271 1132 356 1195 νυκτὶ
372 1129 536 1199 ardiatina.
590 1129 804 1222 δυσπεῲόρηκε
817 1133 875 1220 γὰρ
892 1129 908 1199 ό
922 1129 1005 1207 λαός.
1047 1133 1171 1219 ἄγωμεν

56 1237 107 1311 εἰς
123 1233 182 1308 τάς
199 1230 350 1320 ήμετίρας
370 1232 486 1319 σκηνός
494 1283 505 1316 ,
531 1238 583 1300 καί
595 1242 716 1321 πρωίας
732 1231 964 1321 ε’πιλαμποόσης
980 1233 1184 1323 ἀφιξόμεθα

56 1336 116 1402 καί
131 1333 334 1420 κατάσχωμεν
351 1335 499 1415 αάτοός.”
539 1341 591 1404 καί
606 1340 645 1424 δή
659 1350 727 1419 τοῖς
739 1337 873 1427 ῥήμασιν
887 1339 990 1405 αὐτῶν
1007 1365 1168 1428 φρεναπα-
1186 1350 1211 1404 Ι)

12 1461 50 1514 10
59 1441 177 1523 τηθείς
194 1439 270 1526 πρὸς
285 1440 342 1517 τάς
356 1441 471 1525 σκηνάς
487 1441 592 1508 αὐτῶν
612 1442 671 1509 σὺν
693 1442 806 1520 atrata
819 1442 1011 1510 ίπαυίλυσεν.
1065 1446 1173 1527 μηδα-

56 1544 192 1627 panicii
220 1543 455 1630 πεφροντικότες
488 1552 553 1611 τῶν
573 1546 653 1632 πρός
678 1548 836 1634 σωτηρίαν
864 1545 1061 1632 ἀσφαλειῶν,
1096 1545 1168 1612 ἀλλ’

57 1641 271 1724 ὖπτεάσαντες
284 1649 444 1732 δυστυχῶς
456 1654 562 1738 πολλῷ
578 1675 610 1715 τε
625 1646 711 1740 κόπῳ
725 1649 986 1726 κατευνασθίντες
1002 1651 1052 1714 καί
1067 1645 1172 1722 θανό-

58 1776 122 1817 του
145 1748 243 1816 ὕπνον
264 1747 479 1832 ὖπνοόσαντες,
514 1749 698 1829 ἀπελθόντες
720 1753 831 1830 νυκτὸς
851 1754 881 1819 oi
895 1754 1005 1838 ίχθροί
1019 1749 1172 1839 σιδήρειον
1263 1817 1268 1830 ,

58 1850 165 1918 ὕπνον
180 1849 301 1928 τοότοις
314 1851 483 1939 ἐπήγαγον·
510 1852 579 1919 οὐδ’
595 1850 638 1930 είς
652 1862 715 1921 τῶν
727 1858 821 1920 ἐκεῖσε
833 1845 997 1940 παρόντων
1011 1841 1173 1941 τουρμαρ-

16 1954 173 2040 15χῶνῆ
199 1952 358 2041 ἀρχόντων
387 1963 554 2038 πολεμικοῦ
575 1957 720 2042 ἐπιβῆναι
742 1958 851 2024 πλοίου
872 1953 1040 2041 (ίεδόνητο2
1072 1952 1172 2039 μόνου

60 2065 125 2126 τοῦ
151 2064 337 2143 στρατηγοῦΙ
350 2058 449 2126 αάτοῦ
474 2061 630 2149 ε’μπορικηλ
655 2056 821 2144 ἐπιβάντος
840 2063 891 2126 καί
907 2056 1171 2137 ἀποπλεόσαντος.

60 2163 137 2246 περὶ
158 2152 196 2224 οὗ
214 2161 408 2245 μεμαθηκὼς
430 2159 447 2227 ό
465 2167 527 2227 τῶν
536 2161 715 2246 Ἅγαρηνῶν
737 2163 872 2253 ἀρχηγός
885 2166 975 2230 δυσίν
990 2159 1100 2230 όλκάσι
1116 2169 1174 2229 λα-

62 2263 134 2345 βὼν
154 2261 318 2343 ἀπεβίβασε
342 2266 394 2329 καί
418 2263 516 2328 αότοῦ
537 2267 720 2342 κατεδίωξεν
744 2264 877 2332 ὄπισθεν
882 2313 893 2346 ,
916 2267 967 2330 καί
985 2265 1065 2352 πρός
1078 2272 1175 2350 νῆσον

62 2367 124 2450 τήν
139 2369 197 2432 Κῶ
210 2371 323 2431 τοῦτον
338 2367 482 2450 κατίσχεν
499 2365 574 2473 (φεῦ
589 2366 769 2456 συμφορᾶς)
795 2371 846 2434 καί
859 2371 892 2434 ἓν
910 2367 990 2454 αὐτῇ
1009 2364 1092 2458 §ita
1104 2393 1175 2454 κρε-
1224 2397 1226 2400 ·

21 2468 229 2553 Ξομάννυσιν.
283 2467 360 2536 ὅθεν
381 2469 532 2536 ἀνίκαθεν
554 2473 605 2536 καί
618 2471 708 2558 μίχρε
722 2479 778 2556 τῆς
790 2467 925 2555 σήμερον
937 2467 957 2557 ή
971 2477 1028 2555 τῆς
1040 2467 1170 2558 Κρήτης
1187 2485 1220 2542 V.
1239 2479 1276 2541 23

65 2581 164 2658 νῆσος
188 2567 371 2657 κεκρότηται
394 2573 481 2662 παρά
503 2580 567 2640 τῶν
585 2574 780 2661 Ἀγαρηνῶν,
809 2578 842 2654 ἐξ
864 2566 979 2660 ἦςτοῖς
996 2572 1177 2660 Ῥωμαῖιεοῖς

67 2675 156 2764 όροις
169 2675 410 2763 ἓπισυρρίουσιν.

139 2892 166 2942 2.
183 2887 232 2942 καλ
248 2895 310 2942 ante
327 2883 401 2945 sutri
412 2904 466 2944 om.
485 2890 516 2944 L.
602 2892 628 2944 7.
647 2889 852 2948 acutiuscula.
941 2890 982 2945 1³.
1000 2885 1128 2962 σιδήρεον
1145 2890 1176 2944 [ι.

140 2955 184 3012 14.
203 2953 299 3021 ου’δείς
315 2959 345 3011 L.

67 3147 124 3211 Qui
146 3152 286 3216 postquam
310 3163 343 3199 eo
367 3143 531 3214 pervenisset
552 3160 609 3196 oum
632 3146 799 3214 septuaginta
817 3145 942 3210 navibus,
966 3163 1023 3199 curu
1040 3146 1092 3200 iilis
1107 3147 1176 3201 beiio

69 3215 192 3271 conflixit
217 3215 250 3268 ab
274 3222 332 3267 ortu
349 3216 411 3268 sotis
428 3213 461 3267 ad
479 3230 616 3276 occasum,
637 3215 825 3284 superavitque
840 3215 906 3266 adeo
924 3220 954 3267 ut
970 3233 1056 3268 omnes
1076 3216 1176 3270 interti-

68 3305 132 3340 cere
149 3283 289 3352 cogitaret.
323 3284 378 3336 Sed
395 3284 485 3353 ignavi
503 3284 596 3346 duces,
620 3282 666 3351 qui
684 3292 760 3335 erant
776 3281 845 3352 apud
862 3285 959 3352 ipsum,
984 3285 1096 3353 pessimo
1112 3303 1176 3340 cou-

69 3357 128 3408 siiio
146 3360 330 3421 represserunt
347 3371 421 3416 euna,
445 3353 560 3404 dicentes
585 3355 667 3404 “cum
685 3369 732 3405 nos
749 3353 881 3404 universos
899 3352 955 3404 ilios
970 3352 1036 3404 sutis
1051 3353 1178 3406 afflixeri-

68 3441 144 3486 αισα,
160 3423 230 3474 haud
246 3422 354 3489 amptius
371 3423 503 3475 audebunt
519 3421 639 3488 deinceps
656 3421 714 3474 acie
731 3420 868 3488 congredi=
886 3429 912 3472 et
929 3422 984 3472 iam
1002 3439 1052 3473 ποτ
1068 3423 1178 3474 humida

67 3496 141 3545 caeto
156 3492 335 3559 praecipitat,
360 3493 499 3544 secuudum
518 3499 634 3560 poetam,
649 3491 810 3557 suadentque
826 3491 949 3542 cadentia
965 3491 1052 3543 sidero
1067 3508 1177 3547 somnos.

68 3563 225 3628 indignatur
248 3561 314 3612 enim
338 3562 456 3630 populus.
493 3560 588 3611 Eamus
610 3559 638 3610 in
662 3559 830 3612 tabernacula
853 3569 957 3622 nostra,
984 3567 1012 3612 et
1029 3576 1103 3612 unaue
1120 3560 1179 3612 iiiu-

69 3637 194 3684 cescente
220 3629 351 3682 veniamus
374 3647 471 3699 eosque
496 3628 695 3697 opprimamus.’'
731 3630 816 3696 Atque
837 3629 876 3680 his
900 3628 987 3680 verbis
1010 3627 1177 3698 deceptusiu
1265 3644 1267 3647 ·

70 3699 242 3753 tabernacula
266 3715 321 3751 cum
345 3699 409 3768 ipsis
434 3698 560 3754 discessit.
594 3698 716 3750 Ceterum
735 3697 798 3750 nihii
816 3697 940 3749 sollicitos
957 3697 990 3750 de
1006 3698 1116 3750 tutanda
1134 3714 1177 3748 aa·

69 3769 127 3822 iute
150 3785 215 3831 sua,
240 3768 287 3821 sod
310 3771 416 3837 supinos
440 3769 505 3822 maio
528 3785 574 3820 auo
591 3769 646 3820 fato
664 3784 807 3835 magnaque
827 3764 1013 3832 defatigatione
1030 3767 1129 3837 sopitos
1146 3782 1177 3817 ac

69 3838 207 3892 mortifero
223 3853 311 3890 somno
327 3853 467 3908 oppressos
482 3835 599 3905 aggressi
614 3846 692 3889 nocte
710 3840 798 3888 hostes
813 3836 927 3888 ferreum
944 3851 1055 3889 somnum
1070 3834 1121 3886 iliis
1137 3833 1178 3886 iu-

71 3908 212 3968 duxerunt.
247 3907 332 3959 Nemo
356 3925 389 3960 ex
410 3906 588 3975 praesentibus
605 3907 759 3958 turmaroinia
777 3914 822 3957 aut
840 3903 979 3974 praefectis
998 3903 1113 3958 bellicam
1132 3920 1179 3956 οτ-

70 3993 131 4030 vem
154 3975 330 4028 conscendere
353 3977 453 4047 potuita
479 3976 549 4028 solus
573 3975 624 4026 dux
643 3975 820 4028 mercatoriam
839 3981 930 4026 inactus
947 3972 1104 4040 enavigavit.
1138 3971 1181 4026 De

72 4062 125 4113 quo
142 4046 241 4098 certior
256 4046 342 4098 iaetus
359 4049 536 4114 Agarenorum
554 4044 604 4095 dux
622 4044 723 4096 duabus
741 4043 850 4094 navibus
868 4043 936 4094 viros
954 4042 1091 4109 impoauit‚
1108 4059 1180 4094 eum-

71 4131 125 4181 que
142 4130 158 4165 a
178 4120 253 4180 tergo
271 4122 422 4183 persecutus
437 4123 479 4168 est
496 4124 575 4182 atque
592 4113 662 4181 opud
681 4113 789 4166 insulam
808 4113 847 4164 Co
866 4110 1058 4178 comprehendit
1080 4111 1117 4178 (o
1135 4127 1180 4164 es-
1218 4122 1220 4128 '

70 4182 205 4248 lsmitasi)
228 4188 255 4235 et
279 4183 306 4235 in
323 4183 393 4253 ligno
411 4184 554 4255 suspendit.
587 4182 665 4235 Uada
683 4185 717 4234 ab
734 4182 778 4235 iiio
796 4189 910 4250 tempore
928 4179 1059 4248 usquead
1077 4178 1180 4233 hodier-

70 4267 132 4371 ροσε
154 4250 233 4372 ,ελίοαρΙ
249 4252 346 4306 Cretae
367 4255 453 4307 insuia
475 4258 580 4308 tenetur
602 4251 636 4305 ab
660 4251 804 4320 Agoranis,
830 4268 863 4303 ex
881 4265 932 4318 que
951 4248 1059 4302 Romani
1080 4247 1182 4318 imperii

90 4335 137 4371 nea
154 4335 215 4370 auva
235 4328 290 4375 aut.

116 4398 250 4454 (imerius.
955 4387 975 4449 4
