2817 4742
477 345 625 416 Ratun
654 347 690 415 L.
713 345 773 414 IV.
1120 347 1169 419 83

63 524 149 584 σθαι
161 515 329 603 αἴσθησιν,
356 518 524 602 είκονιστὴς
546 519 580 584 ίκ
600 513 746 601 νεότητος
769 512 786 582 ό
808 509 1056 604 τρισκατάρατος
1072 523 1169 586 καθε-

63 621 152 697 στὼς
175 626 226 685 καλ
247 626 345 705 μονῆς
364 628 428 686 τῶν
445 617 636 707 άθλοηόριον
653 622 781 705 Σεργίου
797 621 848 683 καί
861 615 988 703 Βάκχου
1005 627 1061 705 τῆς
1074 628 1167 702 βασι-

64 731 169 789 λεῦ-σιν
184 723 398 812 άφιορισμίνης
413 721 622 807 προβάθμιος.
672 721 716 800 uic
729 714 784 791 οὖν
797 717 930 789 ι’πόθετο
943 729 1044 790 ταῦτα
1057 721 1076 808 ἦ
1091 731 1168 791 θεο-

65 824 238 910 οιβεστάτη
263 827 409 892 δίσποινα
433 825 602 912 Θεοδάρα,
629 823 712 916 ζήλῳ
726 831 783 909 τῆς
796 825 874 911 πρὸς
887 826 1025 909 Χριστὸν
1043 824 1167 912 eironei-
1185 847 1216 908 v,
1233 851 1270 907 ηρ

33 948 147 1005 5σειος
168 917 302 1006 ιλιακαιῦς
323 931 494 1013 ἐκεκίνητο,
522 932 574 995 καὶ
592 929 667 1006 τούς
688 929 787 994 αὐτοῦ
809 927 959 1011 μισητοάς
979 927 1169 1015 ὀφθαλμοὺς

68 1029 256 1115 ίκμοχλεόειν
277 1029 515 1117 προτεθόμητο,
548 1030 606 1096 κάν
627 1029 748 1115 δεήσεσι
768 1026 855 1116 παρά
874 1055 964 1096 τινων
983 1029 1168 1099 ἐκεκώλυτο·

67 1133 144 1201 ὅθεν
155 1135 241 1212 τινάς
254 1142 317 1201 τῶν
330 1133 513 1223 δορυφόρων
526 1133 710 1219 ἔκπίμψασα
726 1134 802 1221 πρὸς
816 1131 910 1200 aitis
923 1131 954 1200 α’
967 1131 1077 1222 λιόροις
1090 1132 1169 1221 iperi·

65 1240 176 1315 στιξεκ.

174 1339 214 1405 Οἱ
236 1331 291 1405 οὖν
311 1339 456 1426 αἶρετικολ
476 1349 541 1417 τοῖς
557 1345 763 1426 προσαχθεῖσι
779 1346 938 1426 προπετῶς
954 1338 1169 1424 διαπληκτιζό-

15 1459 60 1512 10
65 1467 153 1525 μενοι
159 1491 171 1522 ,
194 1439 351 1527 χρήμασιν
373 1443 490 1519 ίκακοίς
510 1440 802 1528 φρενιιπατήσαντες
814 1441 909 1528 κόρην
923 1443 1001 1529 πρὸς
1015 1444 1053 1509 τά
1067 1441 1168 1528 δημό-

65 1571 121 1611 σια
142 1547 192 1610 ίπλ
214 1552 272 1628 τῆς
293 1549 453 1628 ἐκκλησίας
475 1553 683 1631 κατηγορῆσαι
697 1551 754 1611 τοῦ
769 1543 977 1630 πατριάρχου,
1004 1545 1063 1612 οὖν
1077 1553 1122 1636 τῷ
1135 1549 1168 1626 ἓξ

66 1646 165 1733 αὐτῆς
186 1649 326 1729 τιχθίντι
344 1649 402 1736 υἱῷ
421 1646 641 1736 Μητροιμάκη,
668 1655 714 1735 τῷ
735 1647 815 1713 κατά
831 1645 957 1733 καιροός
973 1673 1059 1724 τινας
1075 1649 1169 1735 προί-

65 1753 133 1838 όριμ
148 1757 210 1816 τῶν
224 1753 407 1835 Σμυρναίου
422 1748 539 1837 πόλεωςΙ
549 1753 785 1834 χρηματίσαντι,
812 1752 1020 1836 κρυψιγαμίας
1033 1751 1184 1836 ίχκλημυ»

65 1850 334 1937 θριαμβεόουσαν,
361 1854 503 1918 ἐντεῦθεν
517 1859 658 1927 πλεῖστος
672 1853 758 1933 παρά
772 1859 835 1918 τῶν
850 1850 1026 1931 κακοδόξεον
1043 1855 1167 1919 ἐπισυν-

16 1957 191 2025 15ίσταται
212 1954 353 2039 τάραχος
373 1951 658 2037 ίπισχετλιαζάντων
676 1951 815 2035 ἡμῖνκαὶ
835 1956 975 2039 άμίτριος
987 1953 1169 2040 ε’πεχχελιάν-

65 2084 138 2124 τιον.
189 2049 226 2122 οὗ
243 2055 334 2144 χάριν
349 2064 392 2145 τῷ
407 2059 613 2146 πατριαρχείῳ
628 2059 791 2140 προσίασιν
807 2053 824 2121 ὃ
842 2063 950 2142 πρῶτα
967 2057 1069 2144 φίρευν
1086 2043 1206 2125 Meo-'B

65 2160 164 2244 νουὴλ
181 2163 215 2224 ir
227 2162 424 2245 μαχίστροις,
450 2163 500 2224 καὶ
524 2157 540 2225 ό
562 2162 721 2243 πατρίκιος
740 2161 792 2224 καί
812 2160 859 2224 int
873 2167 929 2225 τοῦ
944 2162 1098 2226 κοινικλίου
1116 2163 1167 2227 καλ

66 2263 235 2348 λοηοθίτης
265 2269 321 2328 τοῦ
342 2259 460 2346 δρόμου
483 2261 683 2338 Θεόκτιστος,
717 2261 775 2325 οὖν
806 2259 920 2344 ίτίροις
946 2269 1167 2347 συγκλητικοῖς,
1244 2345 1248 2356 .

67 2371 276 2449 κατηηιῶκτες
299 2363 351 2428 ’ἐπὶ
373 2375 438 2439 τοῖς
462 2362 592 2446 άνοίδην
619 2363 839 2443 ε’νιοτισμίνοις.
893 2362 949 2439 οὓς
970 2361 986 2429 ὅ
1011 2365 1168 2451 άρχιερεάς

17 2467 182 2537 soluatur
202 2469 253 2531 soi
274 2473 331 2551 τῆς
349 2467 428 2531 κατά
448 2463 554 2547 βάθος
574 2465 661 2542 άνίας
681 2471 745 2530 τῶν
762 2461 1018 2550 συνεληλυθότων
1032 2466 1167 2548 εὐσεβῶν

67 2565 295 2652 ἐπαισθόμενος
302 2617 312 2647 ,
344 2572 497 2652 μηδαμῶς
517 2595 549 2635 τε
572 2568 651 2654 πρὸς
670 2565 864 2653 άρθοδόξους
892 2566 1037 2653 [ἑαυτὸν]
1064 2571 1167 2637 θίλιον

65 2673 166 2757 πίτρα
180 2670 355 2738 σκανδάλου
371 2675 520 2738 τίθεσθαι
539 2675 591 2737 καί
609 2674 699 2748 λίθος
712 2670 951 2758 προσκόμματος
956 2721 967 2754 ,
992 2673 1033 2740 τά
1050 2669 1167 2761 κρόφια

137 2855 180 2908 13.
197 2853 254 2907 τείν
270 2850 413 2922 σρενρτέατ
429 2852 460 2906 Ιι.
569 2852 633 2906 ibid.
650 2853 842 2924 κρηψιχαμίας
858 2853 889 2906 h
1000 2853 1042 2909 1⁵.
1059 2849 1166 2925 inappa-

134 2921 243 2978 λόντσκ
257 2922 291 2975 λι.
389 2923 439 2978 22.
458 2919 554 2992 κρύφα
571 2922 603 2976 h
661 3008 663 3013 ,

65 3093 101 3130 ee
118 3075 235 3144 dirigere
250 3076 380 3130 oculorum
403 3075 501 3141 aciem
525 3093 581 3130 cum
603 3076 751 3145 effigiarius
767 3075 794 3130 in
811 3075 947 3130 iuventute
964 3076 1167 3131 exsecrabilissi-

65 3162 122 3198 mus
139 3144 183 3197 ille
199 3145 305 3209 inisset,
329 3153 409 3215 atque
425 3147 580 3200 monasterie
596 3146 683 3214 Sergii
701 3153 729 3198 et
744 3145 840 3198 Bacchi
858 3153 1015 3214 martyrum,
1032 3146 1100 3214 quoti
1117 3146 1165 3201 iss·

65 3215 232 3283 peratorihus
258 3214 386 3279 dicatum,
411 3216 584 3292 prappositus.
619 3217 658 3268 Ut
674 3215 757 3283 igitur
774 3215 801 3266 id
819 3213 919 3266 audivit
935 3214 1049 3283 piissima
1065 3215 1167 3270 domins

65 3282 224 3346 Theodora,
247 3284 303 3337 nelo
326 3283 425 3340 arsoris.
443 3301 508 3351 erga
524 3283 655 3337 christon
679 3285 800 3337 ardenter
817 3290 942 3336 commota
958 3284 1023 3346 iuit,
1048 3283 1167 3354 illiusque

64 3351 166 3404 ἱονίοοιι
189 3352 278 3406 οοοΙοε
301 3368 393 3405 eruere
417 3352 533 3406 volebat:
562 3352 608 3405 sed
637 3351 760 3422 precibus
783 3352 939 3420 quorundam
965 3353 1165 3421 prohibebaturr

64 3420 177 3491 preinde
194 3422 278 3473 missis
294 3421 391 3490 aliquot
409 3438 442 3474 er
457 3421 613 3475 satellitibus
637 3420 670 3474 ad
693 3437 767 3486 eum,
792 3419 911 3472 (iuuentis
932 3419 1001 3474 ilium
1025 3419 1166 3489 flagrorum

63 3489 220 3543 verberibus
235 3490 387 3557 flagellarit.

135 3557 258 3611 Ceterum
275 3559 411 3621 haeretiei,
429 3555 469 3609 his
485 3557 523 3608 eis
540 3557 736 3611 obvenientibus
752 3561 875 3626 proterve
890 3561 1034 3620 certantes,
1050 3555 1167 3624 pecuniis

64 3626 155 3680 multis
170 3635 317 3696 corruptam
335 3627 506 3681 mulierculam
522 3628 710 3689 subornarunt,
737 3637 767 3678 ut
791 3625 892 3695 pubiios
907 3624 935 3676 in
952 3625 1062 3678 eoeiesia
1087 3643 1166 3680 noeu-

64 3703 140 3749 ssret
162 3698 350 3764 patriarchen,
376 3713 431 3748 eum
447 3695 500 3747 filio
517 3711 550 3746 ex
568 3713 598 3749 ea
616 3704 677 3748 nato
694 3694 879 3762 Metrophaue,
901 3693 947 3762 qui
973 3694 1081 3762 quodam
1098 3701 1165 3749 tea-

65 3782 131 3834 pore
156 3765 319 3834 praepositus
335 3768 530 3834 Baryrnaeorum
548 3764 621 3817 urbis
636 3764 700 3829 iuit,
723 3763 879 3816 oecuitaru·
902 3761 1045 3834 nuptiarum
1070 3765 1166 3818 misnen

64 3835 178 3887 iactans·
213 3833 281 3886 Hine
298 3834 407 3890 maxime
424 3851 440 3885 a
457 3831 520 3886 maie
536 3833 709 3886 sentientibus
722 3831 850 3886 ereitutur
866 3832 958 3894 turba,
981 3849 1028 3886 nus
1045 3832 1165 3886 vexanti-

65 3903 117 3954 bos
136 3910 164 3955 et
180 3902 236 3954 sine
253 3902 326 3955 modo
343 3901 521 3955 irridentibus.
557 3902 724 3973 Quapropter
741 3901 774 3954 ad
792 3900 988 3971 patriarchalem
1012 3901 1099 3954 sedem
1116 3902 1165 3955 ad-

65 3979 132 4024 eunt
151 3971 254 4023 bianuei
271 3971 409 4040 primarius
425 3972 493 4024 inter
509 3971 662 4039 magistros,
680 3981 708 4023 et
721 3970 891 4023 Theootistus'
905 3970 1029 4038 patricius
1046 3986 1077 4023 ao
1095 3969 1167 4024 esni-

64 4040 116 4092 eiei
139 4042 289 4108 praeieetus
305 4047 383 4108 atque
400 4041 477 4092 etiam
493 4057 582 4092 eureus
599 4041 749 4108 logotheta,
776 4056 833 4092 eum
859 4038 916 4090 aliis
938 4038 1077 4091 senatoriis
1092 4037 1166 4104 risis,

65 4109 159 4161 maesti
185 4109 218 4160 ob
241 4126 273 4162 ea
295 4126 362 4179 quae
387 4109 464 4177 ruigo
487 4109 618 4179 propalam
636 4109 795 4163 audirentur.
830 4109 904 4171 Quos
920 4123 1028 4159 summus
1044 4107 1168 4162 seuerum

66 4178 250 4245 temptentur,
268 4195 323 4231 eum
340 4179 495 4248 protundum
512 4195 650 4231 maerorem
669 4178 770 4247 piorum
787 4177 832 4246 qui
849 4184 1022 4228 convenerant
1034 4175 1167 4241 sensisset,

66 4244 222 4311 minimeque
245 4247 324 4301 vellet
339 4246 492 4300 orthodoxis
508 4264 537 4300 se
558 4247 640 4317 ipsum
658 4259 757 4317 petram
775 4245 889 4299 sandali
906 4261 1036 4315 exponere
1052 4262 1083 4298 se
1099 4245 1169 4316 iapi-

66 4317 125 4370 dem
144 4315 311 4383 offensionis,
333 4316 457 4371 weultsm
474 4315 659 4386 turpitudinem
676 4315 791 4370 denudat
807 4313 969 4380 verecundus
984 4313 1029 4367 iiie
1044 4312 1071 4367 in
1086 4313 1168 4369 oeulis
