2817 4742
407 298 595 373 uoussus
618 261 919 369 naumann.
1024 316 1026 320 ·
1135 300 1210 373 ssu

102 481 263 534 calamitas.
296 480 393 534 indicio
412 481 519 534 barbari
536 482 670 535 aiaton
684 481 771 549 ,lluulo
788 490 890 550 reperto
902 482 971 534 uires
984 482 1152 535 instaurant.-
1176 483 1212 537 ab

102 553 227 605 aduam
240 551 301 617 ripa
313 552 427 603 hostiurn
438 551 532 602 iaculis
543 553 731 618 conficiuntur,
754 558 780 605 ct
794 568 808 601 e
817 552 927 617 strumina
946 552 1044 619 egressi
1059 550 1092 602 ab
1104 551 1213 603 iisdcns·

103 638 164 690 que
174 620 400 688 deuictisugiunt.
418 619 522 671 Priscus
536 620 615 672 Petro
628 621 750 673 succedit.
784 620 830 685 (6)
848 621 962 689 elogium
976 621 1079 672 loannis
1088 621 1211 689 patriar-

102 692 179 742 chae
192 690 338 757 cpolitani,
359 706 378 741 a
389 690 554 756 uoluptatum
565 697 726 757 contemptu,
750 706 769 744 a
788 689 892 740 domitis
911 690 994 741 animi
1004 690 1211 757 perturbationi-

103 760 176 821 bus,
192 778 210 810 a
222 758 343 822 ieiuniis,
361 758 566 809 misericordia
578 759 606 809 in
619 766 740 826 egentes,
757 776 775 810 a
792 758 878 811 studia
891 759 1063 827 paupertatis.
1099 759 1153 810 cius
1172 760 1211 811 lc-

102 837 154 879 cto
175 829 277 896 ligneo,
292 828 427 894 stragula,
440 828 553 894 penulae
571 836 697 895 quamam
718 827 840 879 honorem
850 828 910 895 pius
923 827 1062 895 imperator
1080 828 1209 881 habuerit.

102 898 267 949 Maurorum
283 897 311 946 in
324 897 419 963 Africa
434 896 545 947 rebellio.
581 897 831 963 Carthaginensium
842 903 932 946 metus.
967 898 1099 947 Gersnadii
1115 898 1211 949 aduer-

101 984 169 1018 sum
191 966 315 1016 barbaros
333 965 450 1015 uictoria.
471 970 611 1023 ,ostentum
630 974 758 1029 monetae,
775 972 802 1018 ct
817 964 849 1024 dc
865 964 966 1016 cometis
978 966 1136 1017 cruditorum
1152 983 1212 1017 sen-

103 1036 221 1087 tentiae.
257 1036 301 1098 (7)
320 1034 423 1083 Prisars
446 1034 582 1085 exercitum
602 1032 758 1084 diminutum
775 1034 904 1101 offendens
923 1050 940 1083 a
957 1033 1030 1085 Petri
1049 1035 1212 1087 accusatione

100 1120 217 1155 morum
236 1102 349 1151 consiliio
369 1109 501 1154 avocatur.
534 1108 566 1152 ut
585 1102 680 1153 lstrssm
697 1104 818 1164 transiit,
837 1103 980 1169 chaganus
993 1118 1051 1152 cum
1066 1120 1142 1169 super
1160 1104 1211 1155 ud-

101 1179 191 1224 vcntu
206 1171 362 1237 interrogat.
397 1172 467 1222 inter
482 1171 571 1224 ambos
585 1172 725 1238 definibus
738 1172 863 1239 litigium.
898 1172 930 1221 dc
950 1170 1055 1237 Scythis
1073 1172 1211 1225 Caucaseis
1287 1218 1289 1221 .

102 1248 138 1293 et
155 1240 307 1291 Borcalibus
325 1240 466 1306 digressio,
489 1240 567 1291 stibi
584 1241 617 1291 de
636 1240 752 1291 victoriis
773 1238 899 1305 chagani
919 1239 1060 1289 cuiusdam.
1094 1256 1144 1290 non
1157 1256 1211 1293 essa

102 1311 253 1361 Germanos
266 1309 364 1360 Abnres
380 1310 416 1359 ad
431 1310 539 1370 latrum,
555 1316 581 1360 ct
595 1310 663 1361 unde
673 1310 729 1361 illis
742 1308 917 1360 hoonorninis.
955 1307 1076 1375 Tuugast
1087 1309 1149 1359 urbs
1160 1326 1210 1359 no-

101 1379 245 1438 bilissima,
263 1384 290 1428 et'
301 1379 355 1427 eius
366 1377 480 1430 incolae:
497 1378 578 1430 uicini
589 1379 652 1430 item
664 1379 795 1430 Mucritae
807 1378 958 1428 lassdantur.
994 1376 1039 1443 (8)
1056 1377 1124 1427 unde
1136 1378 1210 1429 Aba·

101 1466 150 1499 res
170 1448 200 1497 in
220 1446 344 1511 cecrope,
362 1454 388 1497 ct
408 1464 461 1515 qua
482 1447 616 1499 occasione
631 1448 680 1498 hoc
694 1464 787 1497 nomen
806 1444 998 1512 assumpserint.
1035 1444 1106 1512 Ogou
1121 1447 1210 1515 gentis

100 1519 145 1570 80
158 1515 289 1582 myriades
304 1514 326 1566 'a
342 1516 472 1583 Chagono
484 1518 647 1583 interfectae.
681 1518 715 1568 de
729 1516 846 1567 Thasum
858 1507 969 1583 turonas
980 1512 1013 1565 ab
1025 1515 1111 1567 mdeste
1126 1533 1208 1570 canu.

102 1587 210 1653 legatio
225 1585 349 1652 chagani
364 1586 400 1636 ad
414 1585 572 1637 Mauricium
587 1586 620 1636 de
632 1584 686 1648 suis
704 1586 826 1637 uictoriis.
861 1600 932 1636 mons
945 1600 1038 1634 aureus
1048 1585 1094 1635 'cur
1108 1585 1149 1636 ita
1160 1604 1207 1636 uo-

101 1662 191 1706 cetur.
225 1654 297 1720 apud
312 1656 410 1704 'Parcas
428 1656 580 1723 pestilentia
593 1672 725 1720 aurianam
741 1656 813 1716 uisa,
832 1659 1003 1704 terraemotus
1017 1653 1083 1703 rari.
1118 1671 1206 1705 eorum

101 1740 194 1775 sacra
230 1725 275 1787 (9)
294 1724 420 1790 Chagani
429 1724 527 1791 foedus
541 1718 598 1773 curm
615 1724 844 1791 thagastensibus.
878 1738 965 1773 eorum
988 1736 1076 1771 mores.
1106 1724 1207 1787 fluuius

99 1811 153 1863 per
171 1792 268 1843 medios
287 1793 383 1844 labens.
418 1793 535 1843 conditor
545 1792 614 1841 urbis
623 1792 700 1842 leuius
714 1799 740 1843 et
752 1791 861 1843 alterius
872 1789 1020 1843 Alexander
1032 1788 1068 1840 M.
1082 1788 1207 1843 chubdu-

99 1863 223 1915 mensium
235 1861 359 1927 principis
371 1878 438 1910 mors
449 1861 663 1928 quemadmodum
676 1861 709 1911 ab
722 1861 804 1927 ipsius
817 1858 961 1910 concubinis
976 1858 1108 1927 lugeatur.
1124 1860 1206 1927 plura

100 1948 184 1997 snper
205 1930 333 1979 chubdan
351 1930 421 1981 urbe.
455 1930 509 1980 albi
529 1930 667 1997 Aethiopes
686 1931 723 1981 ad
734 1930 943 1997 Septentrionem.
978 1928 1042 1993 (10)
1061 1928 1206 1996 chaganus

100 1997 260 2067 Singidunis
274 1998 374 2049 moenia
388 1999 485 2060 diruit,
500 1999 622 2066 populum
640 2000 676 2050 ad
688 2001 772 2051 hastos
785 1999 934 2065 demigrare
948 1997 1027 2064 cogit.
1064 1998 1167 2049 Priscus
1176 1999 1205 2050 in

100 2070 221 2120 insulam
234 2067 313 2131 istri,
331 2067 424 2118 deinde
436 2068 638 2119 constantiolam
652 2070 731 2120 venit.
751 2068 876 2134 chagani
889 2068 921 2117 dc
932 2067 989 2118 iure
995 2066 1092 2132 finium
1104 2084 1206 2135 regun-

100 2139 201 2190 dorum
214 2136 312 2187 ciolato
332 2137 536 2203 crpostulatmia
555 2138 655 2199 oratio,·
674 2139 703 2188 in
725 2154 778 2206 pua
798 2137 882 2202 officii
901 2138 930 2187 in
946 2152 1012 2203 pace
1028 2137 1206 2189 conseruando

100 2206 250 2272 tuendaque
263 2205 369 2271 saedere
387 2206 492 2257 Priscus
512 2207 579 2257 serio
599 2215 723 2260 monetam
776 2206 838 2271 (11)
865 2206 894 2257 in
920 2205 1039 2257 voranda
1059 2205 1207 2271 Singidone

99 2274 233 2343 chagani
250 2274 417 2341 iniquitatem
435 2274 540 2325 Priscus
555 2276 710 2342 redarguit,
728 2292 833 2342 eumque
850 2275 883 2325 ab
904 2274 1021 2325 auaritia
1043 2272 1205 2340 dehortatur,

99 2352 131 2397 et
154 2363 174 2395 a
194 2344 320 2394 uictoriae
339 2344 515 2395 inconstantia
527 2360 559 2394 ac
570 2346 747 2396 mutabilitate
761 2362 847 2395 rerum
862 2351 956 2405 terret,
975 2349 1000 2393 et
1013 2344 1151 2393 sententias
1163 2344 1206 2395 lo-

100 2415 203 2481 quitur.
238 2413 364 2463 barbarus
381 2413 425 2463 ira
443 2415 620 2479 inflammatus
633 2416 762 2481 grauiora
772 2414 950 2465 comminatur.
985 2412 1021 2462 ad
1034 2412 1204 2479 singidonem

100 2482 267 2535 liberandam
284 2482 383 2531 Gudois
394 2483 519 2535 mittitur.
541 2483 640 2534 abiectu
654 2484 829 2549 plaustrorum
842 2482 986 2533 barbarice
1000 2487 1113 2532 tuentur.
1138 2488 1202 2535 tan-

99 2554 162 2603 dem
176 2555 276 2619 fugam
289 2552 406 2615 faciunt.
439 2552 509 2603 muri
522 2551 615 2602 deiecti
625 2553 816 2604 instaurantur.
852 2552 996 2619 chaganus
1010 2556 1099 2616 aperte
1106 2550 1202 2614 foedus

99 2621 191 2674 caluit.
235 2620 296 2682 (12)
319 2620 348 2669 in
368 2621 507 2671 Dalmatia
527 2621 671 2689 chaganus
689 2622 814 2672 urbemet
828 2619 1009 2689 quadraginta
1022 2624 1202 2686 eastraespu-
1297 2670 1298 2677 ,

100 2695 181 2759 gnat.
220 2688 317 2739 Gudais
341 2706 398 2738 cum
417 2689 518 2739 delecta
539 2706 620 2739 manu
634 2690 738 2739 adrem
753 2689 940 2755 inspiciendam
954 2688 1074 2737 mittitur.
1110 2705 1200 2752 peram·

102 2760 190 2809 obrem
206 2775 252 2825 per
265 2758 391 2825 impedita
404 2764 429 2808 et
440 2758 515 2808 inuia
529 2758 586 2808 loca
599 2759 650 2808 iter
654 2758 759 2822 fecerit.
792 2758 918 2823 praedam
938 2755 1057 2805 barbaris
1076 2756 1200 2807 interem-

99 2828 155 2893 ptis
170 2828 269 2893 rccipit.
305 2828 451 2894 chaganus
464 2834 566 2877 moeret.
600 2827 730 2878 Mauricio
746 2833 771 2877 et
783 2826 869 2876 liberis
881 2826 935 2876 circs
946 2825 1034 2875 caedes
1047 2842 1063 2873 a
1075 2827 1200 2879 monacha

98 2895 222 2944 strictum
241 2902 359 2959 portante
374 2896 510 2962 gladium,
538 2912 555 2946 a
575 2896 686 2963 quodam
707 2898 812 2963 insuper
823 2895 974 2945 Herodiano
987 2894 1199 2959 praenuntiatur.

100 2964 166 3029 (13)
190 2962 333 3028 chaganus
349 2964 469 3013 'lauream
481 2965 591 3024 obsidet,
609 2966 651 3013 cui
662 2965 766 3014 Priscus
777 2964 912 3011 succurrit.
945 2962 1077 3011 incastris
1090 2962 1199 3013 hiberna

100 3036 222 3099 agimtur
234 3032 362 3097 utrirspue.
399 3031 524 3095 clsagani
535 3031 681 3096 singularis
694 3037 720 3081 et
730 3032 864 3096 insperata
879 3030 907 3079 ia
920 3036 1063 3080 commeatu
1073 3028 1199 3086 Romanis

100 3101 136 3153 ad
156 3099 211 3149 dies
228 3117 313 3150 sacros
327 3099 479 3164 sufficiendo
499 3099 653 3150 liberalitas.
685 3100 786 3167 petenti
801 3098 904 3149 Priscus
918 3097 1030 3151 uicissim
1042 3098 1123 3148 clonat
1136 3116 1198 3151 aro-

99 3176 185 3223 mata.
221 3170 265 3220 sub
286 3170 377 3219 iisdem
394 3168 512 3219 tentoriis
526 3168 635 3235 pacifice
649 3169 751 3237 degunt
763 3167 838 3219 ambo
849 3168 981 3219 sancitus.
1009 3167 1087 3232 sestis
1107 3174 1197 3221 trans-

98 3239 168 3295 actis
189 3245 352 3305 separantur.
389 3238 558 3289 comentiolus
570 3238 726 3306 Chaganum
747 3244 835 3288 contra
851 3254 879 3288 sc
891 3238 1034 3287 pacientem
1047 3237 1139 3288 timens
1152 3255 1197 3289 re-

99 3308 219 3361 trocedit.
243 3308 339 3357 milites
350 3307 386 3357 ad
400 3307 500 3358 latrum
513 3308 613 3369 urbem,
630 3308 701 3358 uelut
711 3307 824 3373 pnoditi,
841 3305 942 3373 probris
956 3322 1011 3356 eum
1022 3305 1197 3357 conscindunt.

100 3374 164 3443 (14)
186 3375 302 3426 Romani
315 3376 470 3442 diligentius
481 3394 534 3428 sese
546 3377 690 3428 obarmant.
726 3376 899 3427 Comentiolus
911 3374 942 3425 de
953 3374 1108 3441 permutatis
1123 3376 1197 3427 ardi-

99 3446 176 3497 nibus
202 3444 406 3511 reprehenditur.
440 3446 495 3497 cirus
520 3452 600 3496 astus.
636 3446 810 3497 Romanorum
827 3448 910 3512 suga.
948 3442 1053 3494 barbari
1080 3443 1196 3496 claustra
1240 3453 1251 3463 ”

99 3515 217 3567 uomitu
228 3512 385 3580 prohibendo
398 3512 592 3564 circumsident:
610 3532 627 3565 a
639 3514 763 3565 Romanis
776 3515 945 3580 repelluntur.
981 3512 1152 3563 comentiolus
1165 3518 1196 3565 ut

98 3585 217 3651 ignauus
222 3582 334 3649 sugitur
344 3581 488 3647 Drizipcris
498 3583 618 3648 ingressu
629 3582 808 3634 contumeliose
822 3588 934 3633 arcetur.
963 3598 1020 3633 eam
1033 3582 1120 3631 urbem
1134 3581 1195 3632 bar·

99 3653 159 3704 buri
176 3658 311 3719 occupant.
345 3651 374 3700 in
393 3652 516 3717 templum
525 3651 669 3719 Alexandri
683 3652 807 3717 martyris
819 3652 922 3717 eiusque
934 3650 1029 3700 cineres
1041 3666 1129 3701 eorum
1142 3651 1195 3701 im-

98 3723 191 3790 pietas.
229 3722 290 3787 (15)
312 3719 466 3788 supplicium
482 3719 600 3771 barbaris
611 3728 717 3789 propter
729 3721 905 3772 Aleraudrum
914 3726 1055 3785 martyrem
1066 3718 1194 3772 diuinitus

97 3792 248 3857 irrogatum
266 3806 346 3840 sacua
363 3788 521 3856 pestilentia.
559 3790 683 3859 chagani
701 3790 763 3841 item
773 3790 831 3857 filii
849 3796 945 3855 septem
957 3806 1008 3838 uno
1023 3788 1066 3838 die
1078 3787 1194 3838 modun-

100 3866 161 3919 (κη’
186 3860 229 3909 cui
248 3858 399 3909 calamitoso
421 3858 556 3909 historicon
573 3860 694 3910 insultat.
730 3858 921 3911 comentisliia
933 3856 1021 3908 urbem
1035 3855 1134 3923 cpolim
1149 3873 1192 3908 re-

98 3928 156 3981 ditu
163 3927 284 3994 farmido
295 3927 434 3978 immodica
447 3928 577 3979 malorum
589 3929 657 3980 ciues
668 3928 778 3980 incessit.
814 3929 954 3994 imperatur
971 3924 1058 3991 copias
1079 3924 1115 3975 ad
1134 3924 1190 3975 lon·

99 4014 162 4066 gran
182 4012 285 4047 murum
303 3996 491 4061 defendendum
511 3997 603 4049 mittit.
636 3998 761 4050 suadente
770 4004 862 4049 senatu
874 3994 973 4063 legatio
986 3993 1021 4043 ad
1035 3993 1192 4060 chagnnum

97 4066 258 4135 placandum
281 4065 438 4118 instituitur.
473 4066 528 4118 eius
552 4067 636 4118 luctus
660 4067 844 4118 acerbissimus.
880 4066 1055 4116 Romanorum
1076 4062 1108 4113 de
1126 4080 1192 4129 paca

99 4136 208 4188 turbata
226 4134 397 4201 reprehensio.
433 4135 591 4186 conditiones
607 4136 636 4185 in
656 4152 721 4202 quus
733 4140 813 4200 sacta
822 4151 884 4201 par.
919 4132 980 4199 (16)
999 4131 1049 4182 duo
1061 4137 1189 4199 portentu,

98 4221 176 4256 ursum
197 4204 286 4265 uirili,
309 4203 423 4255 alterurn
440 4204 560 4256 muliebri
575 4204 657 4271 specie
672 4205 700 4254 iu
711 4204 773 4256 Nilo
786 4208 926 4269 susspecta.
961 4208 1098 4268 utrumque
1111 4216 1189 4259 accus-¹

99 4280 155 4327 rate
172 4274 340 4335 dacribitur,
365 4278 390 4327 et
399 4274 473 4341 prius
482 4290 501 4327 a
511 4278 646 4342 modesto
657 4274 807 4352 adiuratus.
840 4270 994 4341 reprehensa
1008 4268 1091 4325 obiter
1102 4269 1187 4322 ourio-
