2817 4742
244 338 319 409 228
415 358 417 365 ⁴
628 337 952 407 THEOPHYLAGI'I

244 508 302 596 τὴν
322 508 412 576 θείαν
431 506 661 598 ἀποφαίνεσθαι
682 509 842 591 ίκστασιν,
867 500 1108 574 διεπυνθάνοντο
1128 503 1161 570 τί
1177 502 1216 569 ἃν
1236 503 1283 589 εἴη
1302 504 1332 573 τδ

245 611 444 697 συμβεβηκὸς
455 620 495 699 τῇ
511 608 641 695 νεάνιδι,
668 609 748 691 {irie
760 608 845 678 τάδε.
896 616 920 649 “
925 606 1060 695 μεγάλας
1074 634 1135 673 που
1149 608 1183 674 ίν
1196 606 1334 675 οῶδεῖτε-
1394 621 1395 696 i

247 716 366 801 θίαμαι
386 716 617 800 ’ίναποκειμίνας
638 714 762 796 ποινάς,
788 709 929 801 μεγάλων
942 738 974 779 τε
990 712 1120 799 άγαθῶν
1132 712 1334 796 πρεσβευομί-
1394 713 1395 776 j

205 840 230 895 Β
246 848 301 905 νην
315 818 437 907 τρυφὴν
450 828 516 897 ταῖς
528 820 583 885 τδν
596 818 740 905 μίγισταν
750 822 956 905 προσκυνοῦσι
966 810 1044 882 θεάν
1049 864 1061 897 ,
1084 812 1171 899 δνδῆ
1186 818 1336 901 Χριστια-

243 925 290 991 νοί
312 918 536 1008 θρησκείαντες
557 919 768 1006 καθεστήκασι
783 921 922 1007 Πίρσαις
939 914 1276 1003 ὖπδθεσιςγθωτος.”
1322 914 1359 987 ὅτε

244 1027 301 1112 μέν
326 1020 381 1092 οὖν
400 1027 514 1109 ἐκείνης
531 1026 666 1111 γαμίτης
683 1020 898 1109 1ίξιμυκτὴριζι
918 1028 975 1089 τοῦ
995 1024 1121 1107 γυναίου
1141 1022 1183 1087 τά
1201 1018 1337 1107 ῥήματα,

244 1128 297 1196 ὅτε
318 1128 355 1194 ot
373 1154 433 1194 που
453 1126 579 1215 ἑδραίαν
601 1127 698 1212 αὐτῆς
718 1127 776 1210 τὴν
788 1122 927 1194 διάνοιαν
939 1124 1017 1211 πρὸς
1031 1124 1088 1207 τὴν
1102 1129 1159 1208 τῆς
1172 1125 1340 1210 θρησκείας

243 1228 413 1317 μετάθεσιν
433 1227 613 1315 κατενόησε,
647 1229 845 1319 σωφρονίζειν
867 1225 963 1294 ε’δάκει
983 1227 1136 1315 ῥαπίζων·
1170 1227 1290 1312 ἠπείλει
1310 1226 1340 1292 δὲ

245 1337 298 1399 καὶ
311 1331 460 1410 ,θάνατον
481 1330 557 1397 εἶναι
580 1335 689 1415 ζημίαν
712 1332 811 1418 αὐτῇ,
833 1328 877 1408 ῶς
898 1331 990 1413 θίμις
1012 1331 1151 1415 Πέρσαις
1166 1340 1267 1395 ποιεῖν
1279 1340 1341 1406 τοῖς

244 1434 285 1502 τά
297 1431 405 1519 μάγων
418 1431 592 1520 άθετῆσασι
608 1431 759 1521 δόγματα.
800 1428 821 1516 ἦ
836 1434 893 1516 μὲν
905 1426 959 1498 οὗν
971 1439 1016 1521 τῷ
1028 1433 1105 1522 θείῳ
1118 1431 1210 1519 ἔρωτι
1221 1458 1340 1519 πτερω-
1346 1446 1379 1499 10

242 1545 338 1621 θεῖσα
353 1537 408 1603 τδν
427 1544 518 1618 νοῦν,
543 1536 585 1620 τά
602 1529 668 1603 ῶτά
688 1562 750 1602 που
765 1531 989 1618 καταβάουσα,
1015 1544 1084 1609 ταῖς
1102 1534 1212 1620 αὔραις
1226 1538 1340 1619 διαχεῖ-

242 1649 324 1708 σθαι
343 1636 542 1728 τοδς’λάγους
553 1642 724 1727 παρείχετο.
774 1640 889 1725 γίνεται
901 1639 1005 1703 τοίνυν
1020 1642 1065 1725 τῷ
1078 1639 1194 1726 γυναίῳ
1209 1641 1265 1702 καὶ
1279 1636 1341 1705 ἓτὲ-

158 1805 161 1811 .
245 1769 302 1833 ρας
324 1743 414 1820 θείας
433 1745 606 1831 κρείττονος
625 1737 844 1832 ἔπιφοιτήσεως
859 1741 1029 1824 ἔθλαμψις·
1055 1737 1182 1826 ἅγγελος
1193 1738 1256 1825 γάρ
1272 1743 1342 1828 ipr-

205 1861 229 1915 O
247 1844 349 1931 στήκει
369 1845 469 1934 αὐτῇ,
496 1842 553 1931 τήν
573 1872 606 1913 τε
626 1848 753 1933 μορφὴν
768 1848 826 1912 καί
845 1845 902 1930 τὴν
921 1846 1041 1928 ἐσθῆτα
1055 1840 1256 1927 λαμπηδόνος
1269 1870 1342 1931 φαι-

243 1948 407 2037 δρότερος,
431 1952 484 2015 καί
507 1945 601 2016 πάλιν
624 1948 704 2037 αὐτῇ
725 1950 781 2033 τὴν
803 1954 866 2015 τῶν
887 1943 1081 2035 φθασάντων
1098 1946 1177 2013 θίαν
1197 1949 1377 2026 δδείκνυε,15

243 2050 432 2140 προηγόρευέ
449 2079 481 2120 τε
506 2056 557 2119 καί
579 2053 633 2120 τὸν
655 2051 731 2119 ὅσον
751 2049 838 2119 aino
852 2057 908 2117 τοῦ
923 2050 1101 2116 συνευνίτου
1116 2045 1271 2117 θάνατον.
1323 2046 1341 2118 ri

242 2157 300 2241 μίν
313 2148 369 2222 οὖν
382 2161 439 2221 τοῦ
452 2158 578 2242 γυναίου
593 2155 727 2242 γαμίτης
740 2150 884 2221 καταλάει
896 2143 952 2220 τὸν
965 2155 1035 2234 βίον
1050 2152 1130 2219 κατά
1142 2152 1200 2237 τὴν
1212 2159 1271 2219 τοῖν
1286 2152 1342 2239 ‹ty-

241 2258 332 2345 γίλου
344 2256 605 2345 προαναγάρευσιν
611 2309 623 2341 ,
649 2260 686 2325 τὸ
703 2260 739 2325 δέ
749 2255 874 2344 γάναιον
886 2256 943 2340 τὴν
955 2258 1162 2339 Βαβυλωνίαν
1172 2256 1343 2323 καταλιπὸν

242 2362 322 2448 πρὸς
344 2361 400 2446 τὴν
413 2364 538 2445 Νίσιβιν
552 2362 682 2447 γίνεται,
706 2370 771 2437 ταῖς
787 2387 820 2427 τε
835 2367 899 2427 τῶν
915 2363 1114 2443 Χριστιανῶν
1128 2359 1240 2443 ἷερεῦσι
1256 2358 1341 2443 περι-

242 2464 336 2548 τυχὸν
352 2463 607 2550 άνθομολογεῖται
620 2464 661 2531 τά
673 2471 817 2549 μεγαλεῖα
831 2470 887 2530 τοῦ
901 2460 1083 2545 πνεύματος.
1131 2471 1256 2543 μυεῖται
1269 2469 1377 2545 γοῦνθῦ

245 2565 323 2652 παρ’
344 2565 447 2631 (οὔτῶν
466 2574 566 2633 ταῦτα
579 2567 617 2649 ’δὴ
632 2568 672 2631 τά
685 2576 748 2632 τῶν
763 2572 962 2649 Χριστιανῶν
975 2572 1049 2629 θεῖα
1063 2562 1160 2639 άντως
1173 2566 1225 2629 καί
1240 2561 1341 2654 άπὸρ·

35 2657 46 2675 ⁵
137 2702 139 2706 ·
244 2694 326 2756 ρητα
346 2664 498 2753 δόγματα.
547 2670 611 2734 iniri
633 2669 668 2734 δὲ
687 2679 754 2745 τοῖς
771 2665 883 2753 μάγοις
904 2673 997 2733 τοῦτο
1017 2662 1194 2750 κατάδηλον
1208 2665 1338 2751 γέγονεν,

243 2774 276 2849 ἐς
290 2768 475 2857 ἀναζήτησιν
489 2772 624 2858 γίνονται
636 2779 693 2838 τοῦ
708 2772 844 2858 γυναίου.
895 2760 970 2855 ἧκον
982 2775 1056 2855 γοῦν
1073 2772 1115 2846 είς
1129 2768 1186 2853 τὴν
1199 2774 1338 2853 Νίσιβιν,

148 2950 150 2955 ,
242 2876 294 2940 καί
313 2875 352 2941 τὰ
367 2876 424 2958 μίν
447 2872 639 2963 πρεσβύτερα
652 2882 710 2960 τῆς
726 2872 878 2953 ἀξιώσεως
889 2876 921 2940 ἓν
933 2864 1104 2949 κολακείαιξ
1121 2872 1228 2951 αὐτοῖς
1242 2900 1341 2961 παρε·

243 2973 394 3061 σκεάαστρ
402 3018 414 3057 ,
436 2980 579 3043 ἐντεῦθεν
601 2978 855 3061 άπαβουκολῆσαι
872 2977 1067 3063 πειρωμίναις
1080 2976 1137 3061 τὴν
1149 2974 1375 3065 &reponeret
1393 2975 1395 2984 ’

243 3205 284 3261 οἱα
310 3222 395 3260 oasuru
418 3204 548 3261 nominare
570 3204 646 3272 iicet,
672 3205 888 3262 adolescentulam
904 3204 1067 3275 interrogant
1083 3202 1146 3274 qaid
1163 3203 1188 3259 ei
1205 3206 1341 3263 acciderit.

243 3278 385 3345 respondet
401 3277 508 3329 acerbas
531 3292 561 3329 se
585 3277 680 3330 alicubi
704 3281 848 3331 subterra
872 3292 968 3345 poenas
992 3275 1167 3340 constitutas,
1189 3292 1341 3344 magnorum

243 3355 336 3400 eontra
358 3346 482 3398 bonorum
505 3344 613 3399 delicias
637 3348 713 3400 deum
743 3347 877 3415 maximum
911 3345 1053 3398 colentibus
1082 3344 1203 3398 decretas
1231 3344 1340 3412 vidisse,

243 3431 320 3483 quern
337 3413 479 3465 Christiani
496 3415 619 3483 reiigione
643 3425 797 3469 veneranter
815 3433 831 3468 a
849 3416 936 3467 Persis
952 3414 1119 3466 irrideantur.
1154 3420 1208 3465 turn
1225 3411 1268 3466 vir
1285 3416 1340 3469 eius

246 3482 329 3534 verba
351 3483 523 3551 subsannare,
551 3495 740 3554 perspectoque
769 3484 896 3537 constanti
921 3484 991 3535 illius
1012 3481 1202 3535 Christianismi
1225 3485 1340 3554 conple-

246 3548 334 3603 ctendi
361 3551 508 3620 proposito,
539 3553 650 3605 fustibus
670 3553 843 3625 impingendis
865 3553 898 3605 ad
920 3552 1057 3605 sanitate·
1080 3550 1242 3604 reducturum
1268 3553 1340 3607 arbi-

245 3617 327 3680 traria
351 3634 438 3670 uecern
454 3618 558 3689 iusuper
574 3622 703 3687 minitari,
721 3622 912 3692 quam'i'ersae
927 3637 999 3674 nore
1017 3619 1140 3673 rusiorum
1156 3620 1207 3672 iliis
1223 3620 1341 3675 inierunt

243 3686 289 3758 qui
303 3703 435 3754 magorum
451 3687 572 3757 dogmata
592 3702 770 3762 aspernantur.
804 3690 849 3744 aed
872 3690 918 3743 iiia
934 3690 1021 3742 divino
1046 3705 1132 3742 amore
1153 3697 1264 3743 mentem
1283 3707 1341 3743 ere-

244 3764 289 3812 ata
305 3772 383 3811 aures
399 3756 535 3818 e'iaudere‚
556 3758 627 3813 dicta
648 3760 676 3813 in
698 3768 777 3813 vento
794 3768 821 3813 et
837 3777 906 3828 aqua
927 3759 1053 3812 seribere·
1086 3758 1169 3812 eidem
1185 3759 1238 3812 alia
1255 3775 1341 3827 quae-

245 3824 305 3877 riam
327 3824 416 3879 divine
439 3828 664 3895 praestantiorque
685 3828 824 3882 illustratio
855 3828 975 3897 configit.
1010 3825 1094 3880 astitit
1123 3829 1189 3881 euiru
1220 3827 1338 3894 angelus,

243 3894 328 3948 forma
345 3897 372 3945 et
388 3904 462 3947 veste
479 3893 697 3962 fulgentissimus,
720 3896 813 3951 iterum
830 3896 918 3967 priora
935 3898 961 3949 ei
978 3897 1129 3963 spectacula
1144 3894 1287 3960 exbibens,
1310 3906 1338 3951 et

244 3980 303 4017 mox
323 3962 438 4017 futuroru
461 3963 547 4017 mariti
569 3964 664 4018 obitum
687 3968 876 4033 praenuntians.
911 3964 1048 4035 praedicta
1068 3966 1205 4028 eveniunt,
1229 3964 1338 4019 maritus

246 4031 312 4084 riieur
337 4048 408 4084 suum
431 4033 494 4085 obit.
528 4032 618 4086 mulier
639 4034 733 4087 relicta
754 4036 897 4105 Babylonia
914 4034 1019 4088 Nisibin
1037 4033 1224 4105 proficiscitur,
1247 4032 1337 4105 ibique

245 4098 450 4155 Christianorum
466 4102 616 4155 sacerdotes
632 4109 710 4155 nacta
726 4102 834 4157 viciosi·
851 4104 988 4158 confitetur
1005 4102 1134 4171 magnalia
1146 4100 1268 4169 spiritus,
1295 4112 1336 4158 at·

244 4185 295 4235 que
318 4169 352 4220 ab
374 4169 407 4222 iis
428 4170 605 4225 sacerdoribus
622 4189 685 4224 vere
702 4173 806 4225 coelesti
823 4181 850 4224 et
866 4190 962 4227 areana
979 4171 1185 4223 Christianorum
1201 4170 1337 4241 disciplina

222 4235 370 4291 initiatur.
405 4239 454 4293 boo
474 4248 505 4294 ut
527 4242 596 4311 magi
618 4249 813 4310 compererunt,
837 4257 891 4293 ean
915 4240 1066 4310 requisitum
1084 4256 1113 4293 ee
1129 4238 1156 4292 in
1178 4242 1246 4294 riaur
1263 4242 1336 4306 daut,

240 4304 330 4359 Nisibi
347 4306 456 4377 adsum,
482 4317 510 4363 et
525 4309 659 4365 blauditiis
675 4309 833 4383 potissimum
850 4317 948 4379 αιτιοι,
973 4309 1086 4380 indeque
1102 4308 1232 4365 abducere
1248 4325 1335 4365 raearu
