2817 4742
454 316 602 385 aueuu
632 317 671 388 ι.
698 315 756 383 1v.
912 291 916 300 '
1088 315 1161 386 105

68 485 154 581 ᾗτινι
169 490 275 577 πίρδιξ
284 485 502 575 χρυσόπαστος
514 483 741 574 καθιστόρητο·
762 481 801 570 ἣν
816 479 1058 572 προσδεξάμενος
1073 484 1166 554 ἔπαν-

38 647 43 652 .
69 593 191 662 θόνετο
215 601 240 633 “
248 592 327 678 αδτη
341 595 374 659 τί
388 588 611 676 κεκολόβιοτσις
639 593 690 658 καί
705 588 723 657 ό
738 585 883 678 δν-τσότη
900 589 1006 676 πίρδιξ
1021 590 1055 656 τί
1066 591 1168 674 δηλῶν

72 697 317 783 ἄναγίχραπταις
327 696 346 728 ”
371 695 554 782 όμφοτίροιν
567 694 623 780 τὴν
634 691 723 760 λόσιν
737 690 931 780 διεζωχρόφει
938 743 949 777 ,
976 691 1028 759 διδ
1041 693 1098 776 μὲν
1111 697 1167 759 τοδ

72 802 219 887 πίρδικος
237 798 273 866 τό
296 797 373 882 πρός
393 797 489 865 αότδν
512 797 640 883 δολερὸν
661 795 704 873 ὥς
718 797 800 863 ἔόικεΙ
808 802 865 880 τῆς
877 792 1036 880 σταλείσης
1050 794 1103 860 διδ
1114 794 1171 880 τὴν

45 905 127 972 sini
148 908 193 989 τῷ
213 900 405 988 ἀναιρεθέντι
430 892 606 990 Θεοκτίστρι
628 899 813 981 animae,
840 897 892 964 διδ
908 900 943 965 δὲ
958 905 1014 966 τοδ
1031 899 1172 976 ίλλιποδς

73 1006 115 1073 τό
132 1005 249 1081 δλλιπίς
261 1011 322 1070 τῶν
337 1003 449 1072 ἑαυτοῦ
463 1002 585 1090 ἡμερῶν
602 1001 817 1084 αἰνιττόμενος.
855 999 930 1068 ὅθεν
947 1004 998 1067 καί
1009 997 1172 1089 Ἀντιγόνῳ

74 1114 124 1196 τῷ
148 1097 296 1196 παῖτρικίφ
315 1110 365 1174 καί
386 1104 663 1193 καθηρεμονεόοντι
683 1113 746 1173 soie
765 1111 903 1188 σχολῶν,
929 1109 974 1193 τῷ
987 1104 1045 1193 oiq'i
1061 1105 1171 1184 αδτοδ,

50 1271 54 1276 ,
75 1209 291 1294 προσετετάχει
311 1211 364 1277 τόν
383 1206 441 1276 ὕπ’
457 1209 552 1276 οότδν
569 1210 645 1276 λαόν
657 1207 780 1276 ἅπαντα
795 1212 946 1274 συντελεῖν
960 1208 1010 1272 καί
1026 1213 1065 1294 τῇ
1077 1213 1171 1288 βασι·
1187 1211 1211 1266 0

75 1315 141 1378 λίδι
165 1319 351 1380 κατευθῦναι
371 1313 428 1396 τὴν
450 1313 562 1401 ἄφιξιν.
613 1309 630 1380 ό
656 1314 690 1379 δέ
711 1311 788 1396 πρός
805 1311 860 1396 τὴν
876 1306 1022 1394 τοιαότην
1036 1313 1175 1375 δυσανα-

27 1432 70 1486 10
78 1413 350 1500 σχετεῖβοόλησιν.
400 1419 451 1483 καὶ
463 1417 556 1484 πλίον
568 1415 608 1481 ui
622 1415 703 1482 κατδι
717 1414 850 1499 Μιχαὴλ
861 1413 1013 1496 βασιλίως
1028 1411 1192 1500 λπεφονὲ·

78 1544 165 1604 ρεοτο
187 1518 272 1605 παρδ
294 1520 442 1603 Καίσαρι.
492 1518 551 1606 πρό
573 1519 610 1584 δέ
627 1544 709 1595 τινος
726 1515 841 1602 χρόνον
867 1522 993 1598 σεισμοῦ
1017 1511 1176 1602 γεγονότος

78 1627 146 1688 τῶν
159 1619 282 1688 πώποτε
292 1622 563 1706 ροημονεαομίναιν
574 1623 830 1708 φρικωδεοτίροα,
850 1616 1012 1686 ίπεπτιόκει
1026 1618 1061 1686 τδ
1078 1617 1175 1702 δ’χαλ-

78 1723 153 1808 μαό
166 1724 245 1791 κατὰ
256 1725 312 1808 τὴν
326 1722 545 1808 δγίανἍνναν,
559 1716 580 1811 ᾖ
594 1722 753 1808 ίπιόννμον
764 1725 805 1790 τό
814 1719 979 1806 Δεότερον,
993 1721 1073 1790 κατὰ
1088 1723 1175 1786 κίονα

80 1829 288 1908 διεστὴλωτο·
304 1825 390 1912 ’όπερ
409 1830 587 1913 διαγγελθδν
604 1827 690 1912 παρὰ
705 1829 866 1914 Καίσαρος
880 1828 998 1894 Λίοντι
1013 1819 1174 1913 φιλοσόφῳ

31 1943 71 1999 15
81 1936 194 2016 σαφῶς
215 1925 435 2014 διηρμήνεοτο,
461 1930 515 1996 τόν
535 1930 570 1995 ie
591 1927 716 2014 πριότοα
738 1929 870 2005 ἄνακτος
886 1927 1028 2014 δεότερον
1043 1929 1177 1992 δκπεσεΐ-

81 2038 164 2096 σθαι
183 2032 234 2096 διδ
253 2029 395 2100 θανότοο
403 2083 414 2113 ,
428 2034 484 2122 ’τῷ
497 2058 531 2099 τε
544 2036 683 2120 Καίσαρι
696 2029 810 2126 Βόρδρι
825 2032 878 2098 τόν
893 2027 1105 2113 διαδεξόμενον
1118 2032 1176 2096 δα·
1230 2062 1232 2067 ’

82 2135 365 2199 νιτνλοδεικτεῒσθαι
393 2140 573 2202 Βασίλειον·
605 2135 642 2204 όν
672 2137 775 2204 ἕκτοτε
805 2125 898 2214 οὗτος
924 2131 1090 2232 βασκόναρς
1109 2131 1180 2198 δαί-

79 2241 204 2318 βλεπεν.

188 2340 253 2404 Καί
280 2343 382 2405 τοῦτο
402 2337 491 2408 ,κατὰ
521 2339 711 2424 προφητείαν
733 2333 1011 2424 σοιωμαρτήκεσαν
1031 2336 1220 2420 Καίσαραῦ

34 2463 76 2516 20
85 2443 137 2507 ini
149 2439 279 2525 Κήπους
292 2443 352 2528 χεὶρ
365 2437 577 2530 ἐφεστηκότων
589 2440 694 2506 αδτιδν
701 2491 712 2522 ,
741 2437 757 2508 ό
772 2443 828 2524 μὲν
842 2439 986 2523 βασιλεδς
1000 2437 1039 2505 εδ
1051 2445 1107 2523 τῆς
1120 2445 1190 2520 pior-¹

84 2546 202 2620 σιλείας
225 2542 342 2630 δνήρχει
363 2544 518 2629 πρακτία,
545 2541 563 2611 ό
584 2544 619 2610 δι’
636 2549 766 2630 Καῖσαρ
780 2543 822 2610 εδ,
838 2549 894 2626 τῆς
910 2539 1079 2630 φιλαρχίας
1091 2541 1183 2607 πλόον

31 2688 34 2690 v
85 2643 282 2730 ἐπετηδεύετο
289 2694 301 2729 ,
327 2650 377 2712 καὶ
392 2647 487 2724 πολός
502 2641 539 2730 ἦν
546 2696 557 2727 ,
582 2644 755 2733 ὑπεραίρων
769 2653 826 2714 τοῦ
842 2645 994 2729 βασιλίδος
1007 2648 1058 2710 καὶ
1072 2642 1183 2728 ἕτίριον

84 2756 150 2815 τῶν
164 2743 243 2816 κατὰ
257 2751 425 2836 θεραπείαν
440 2750 634 2841 ᾠκειωμίνων
647 2750 745 2838 αὐτῷ.
796 2746 838 2826 ὥς
860 2749 894 2814 δὲ
911 2747 988 2833 πρός
998 2753 1091 2812 τοῦτο
1105 2749 1182 2811 δνσ-

159 2902 337 2981 ¹³·eiiib

88 3063 139 3101 eor
154 3045 329 3115 longitudine,
351 3045 393 3100 eui
409 3046 502 3116 perdix
518 3063 581 3101 auro
597 3046 752 3102 intertextus
768 3054 839 3102 erat:
863 3063 915 3118 qua
931 3052 1038 3118 accepta
1055 3045 1184 3119 quaesivit

89 3133 137 3170 eur
160 3133 194 3170 ee
216 3116 320 3170 brevior
341 3123 413 3169 esset
437 3121 463 3169 et
486 3116 520 3169 ad
537 3116 598 3187 quid
615 3116 807 3186 significandum
825 3117 918 3186 perdix
938 3126 1007 3172 esset
1023 3117 1184 3188 inseripturi

88 3184 236 3254 Utriusque
251 3185 403 3239 solutionem
421 3185 551 3256 depinxit,
575 3204 622 3256 per
638 3188 767 3256 perdicem
793 3187 894 3255 quidem
912 3187 1040 3252 doiorum,
1064 3195 1095 3239 ut
1111 3186 1184 3238 vide·

89 3261 149 3322 tur,
174 3256 282 3308 aninum
305 3272 368 3324 erga
392 3255 475 3323 ipsum
498 3255 638 3320 mittentis,
661 3255 739 3309 occisi
761 3255 908 3310 Tbeootisti
933 3255 1072 3308 ulciscendi
1097 3270 1185 3316 causa,

90 3341 139 3394 per
160 3323 316 3376 brevitatem
338 3329 424 3376 autem
449 3325 600 3377 brevitatem
624 3325 723 3378 dierum
747 3341 848 3378 suorum
872 3323 1027 3378 coniectans.
1061 3324 1138 3377 Unde
1158 3329 1187 3376 et

91 3392 220 3461 Antigono
237 3392 365 3462 patricio,
389 3392 449 3445 daei
466 3393 624 3461 scholarum,
647 3395 701 3447 filio
718 3410 780 3460 suo,
802 3394 935 3465 praecepit
950 3401 980 3446 ut
997 3410 1083 3446 omnes
1100 3391 1188 3461 oopias

91 3477 152 3513 sees
169 3461 303 3529 ooiiigeret
319 3459 394 3514 etad
412 3461 601 3530 imperatoriam
618 3464 705 3516 urbem
724 3463 849 3531 dirigeret
864 3462 926 3516 iter.
959 3463 995 3516 At
1010 3461 1054 3516 ilie
1071 3461 1126 3515 eiua
1140 3477 1189 3514 vo·

91 3529 187 3582 luetati
208 3547 311 3598 segnem
328 3546 357 3582 sa
374 3531 524 3600 praebebat.
560 3532 697 3601 Magisque
714 3549 756 3586 res
773 3539 801 3584 ut
817 3549 845 3584 se
863 3533 971 3585 baberet
987 3548 1053 3601 erga
1077 3530 1185 3599 impera·
1259 3591 1262 3596 Α

92 3604 175 3649 torem
199 3599 350 3652 Miebaelem
372 3599 586 3655 manifestabatur
609 3601 678 3671 apud
703 3603 849 3656 Caesarem.
883 3601 966 3654 Porro
987 3618 1038 3654 non
1055 3599 1094 3653 ita
1110 3598 1195 3652 muito'

92 3669 168 3725 aute.
193 3667 262 3720 taeto
287 3675 373 3721 terrae
397 3677 466 3721 motu
489 3671 599 3722 omnium
622 3671 668 3739 qui
689 3686 800 3739 unquam
818 3671 924 3722 tuerent
939 3669 1048 3724 maxime
1064 3665 1192 3730 horribili,

93 3732 227 3787 occiderat
240 3744 341 3801 statua,
358 3753 425 3806 quae
442 3737 475 3789 ad
492 3739 522 3792 S.
540 3741 653 3802 Asnam,
677 3747 844 3806 cognomento
861 3739 1007 3803 Deuteron,
1031 3738 1059 3791 iu
1076 3735 1193 3788 columae

93 3809 186 3856 erecta
209 3801 307 3858 iuerat:
332 3806 402 3875 quod
419 3823 475 3859 oum
491 3824 508 3859 a
525 3807 640 3861 Caesare
657 3807 799 3861 nuntiatum
823 3808 917 3860 suisset
933 3808 1012 3861 Leoni
1030 3804 1192 3876 philosopho,

92 3872 167 3941 clare
183 3870 217 3924 ab
235 3871 283 3923 boc
298 3874 441 3946 expositum
458 3876 522 3941 tuit,
540 3893 595 3930 eum
613 3876 656 3946 qui
674 3894 690 3930 a
707 3877 790 3946 primo
808 3877 962 3946 imperatore
979 3873 1105 3933 secundus
1122 3878 1194 3926 esset

92 3947 181 3994 morte
197 3955 328 4004 esserum,
353 3945 524 4014 Caesarisque
540 3945 642 3999 Bardae
659 3962 831 4000 successorem
849 3945 934 3999 indiae
951 3945 1035 4011 digito
1053 3940 1191 3996 monstrari

92 4008 234 4065 Basiliumz
250 4025 325 4078 quem
340 4012 385 4065 iiie
401 4015 434 4066 ab
452 4031 483 4066 eo
500 4021 613 4084 tempore
630 4015 712 4067 oeulis
729 4016 797 4068 baud
815 4016 906 4084 aequis
925 4011 1052 4083 adspexit.

146 4077 259 4148 ‘anue
283 4087 312 4128 ut
334 4081 466 4145 praedicta
491 4083 595 4136 fueraut
610 4083 716 4136 Caesari
734 4094 872 4137 consecuta
889 4090 956 4135 sunt.
991 4080 1055 4134 Cum
1074 4081 1138 4134 enim
1156 4081 1190 4135 ad

94 4147 185 4215 cepoe
216 4145 406 4210 constitissent.
435 4150 576 4222 imperator
602 4153 703 4222 quidem
732 4154 876 4207 functiones
908 4149 1008 4222 imperii
1039 4152 1190 4221 peragebat,

94 4215 198 4298 §laesas
214 4224 299 4272 autem
315 4216 447 4285 inperio·
463 4221 545 4287 magis
560 4222 691 4292 magisque
710 4223 859 4285 affectabat,
878 4220 1022 4289 nimiusque
1039 4228 1097 4275 erat
1113 4236 1192 4289 repre

94 4292 278 4354 smperamrem
301 4294 452 4357 ceterosque
467 4290 596 4346 ministros
617 4291 672 4345 eim
689 4298 719 4346 et
734 4290 896 4347 domesticos.
932 4291 1014 4356 Quam
1029 4305 1083 4344 rem
1100 4287 1189 4358 gravi-
