2817 4742
343 249 633 361 fflsrorunn'on
658 292 746 360 ναι.
776 296 832 365 ιο.
864 293 919 366 14.
1099 290 1173 363 343

75 468 139 530 τοῦ
166 455 400 551 αότοκράτορος.
451 470 516 529 τιῦν
538 463 641 529 τοίνυν
664 463 940 547 προμεμηνυμίνων
960 464 1011 528 διά
1035 469 1096 529 τῶν
1118 464 1173 527 άν-

76 562 251 653 δριάντων,
278 565 298 651 ἢ
321 560 475 647 δαιμόνων
494 569 585 659 alneis
609 562 802 651 οίκειότιρον,
831 563 873 641 nir
888 566 994 651 διίγνω
1010 566 1066 642 τάς
1080 562 1172 647 ίκβά-

75 694 145 745 σεις
168 666 184 734 ό
207 669 343 755 Πίτρος,
371 668 403 743 ίς
424 667 461 733 τό
484 668 696 754 φανερόντίγν
717 665 937 753 προαγόρευσιν
952 666 1169 753 ἐθριάμβευσε,

76 768 137 836 τόν
161 797 193 837 τε
216 774 257 847 είς
278 768 389 845 κάλλος
408 767 568 855 γράφοντα
591 772 622 846 le
643 768 976 857 μίσονπροόβάλλετο,
1003 774 1053 836 καί
1069 767 1210 855 κόριονΒ

44 873 179 939 5αῦτδν
192 880 244 955 τῆς
260 874 396 957 ίστορίας
409 874 546 938 ἐδείκνυε.
582 874 682 938 πολλά
696 875 751 956 μίν
766 876 816 939 καί
829 875 916 959 ίτερα
931 872 1009 938 κατά
1026 873 1083 957 τὴν
1095 870 1171 939 Ῥω-

72 978 180 1058 μαίων
202 976 354 1039 πολιτείαν
368 981 424 1057 τῆς
437 982 497 1039 snio
510 971 684 1059 μελλόντων
699 973 948 1061 προαγορεῦσεως
959 970 1109 1059 διιόματα
1123 979 1170 1061 γί-

73 1103 177 1154 νεται,
213 1075 234 1139 ii
259 1079 286 1141 el
306 1074 550 1167 διεξοδικώτερον
565 1077 760 1165 ’ἀναγράφειν
785 1075 1042 1164 διεγχειρήσομεν,
1068 1066 1170 1153 δ’πῦς

70 1177 159 1262 ἧμῦς
172 1178 249 1243 ninia
263 1178 445 1261 άπολείψειε.

179 1283 254 1346 Mdv
276 1275 331 1348 οῦν
353 1283 467 1365 λίγεται
489 1281 545 1346 τόν
564 1284 740 1366 Μαυρίκιον
757 1284 927 1369 φιλοτίμως
940 1280 1015 1365 ligem
1030 1284 1095 1365 περί
1111 1280 1167 1365 τὴν

30 1401 65 1448 10
73 1389 140 1449 τιῦν
165 1380 264 1468 λόγων
284 1384 558 1470 μεγαλοπρίπειαν,
583 1392 675 1468 τιμᾶν
693 1411 726 1450 τε
750 1388 818 1449 λίαν
837 1392 986 1469 λαμπρῶς
1008 1383 1081 1459 τοῦς
1097 1379 1167 1467 ίνη-

71 1483 236 1569 θληιιότας
249 1490 316 1571 περὶ
332 1487 371 1551 τὰ
386 1486 533 1551 κάλλιστα
546 1492 609 1551 νῦν
624 1484 833 1571 μαθημάτων.
875 1494 984 1553 τοῦτον
999 1488 1167 1569 δείμασθαι

71 1591 125 1652 καὶ
138 1587 174 1653 τό
189 1586 237 1653 ini
257 1596 312 1672 τῆς
327 1596 454 1675 Ταρσοῦ
477 1590 557 1673 ἱερόν
570 1588 700 1656 Παῦλον
725 1598 780 1655 τοῦ
797 1592 921 1665 Κίλικος
942 1596 997 1654 τοῦ
1017 1614 1166 1671 κατεοαγ-

70 1690 271 1775 γελισαμίνου
291 1692 323 1755 ίν
345 1690 401 1777 din
417 1697 455 1776 τῇ
471 1692 630 1779 οἰκουμένη
646 1691 754 1774 σχεδόν
768 1693 804 1756 τό
818 1688 968 1775 σωτήριόν
985 1716 1016 1757 τε
1034 1694 1085 1755 καί
1103 1718 1164 1753 πα-

72 1791 206 1875 ράδοξον
222 1790 360 1878 κήρυγμα
374 1799 515 1876 Χριστοῦ
525 1792 627 1878 Ἰησοῦ
642 1800 697 1858 τοῦ
713 1802 894 1879 μονογενοῦς
909 1794 978 1858 υἱοῦ
995 1800 1052 1858 τοῦ
1074 1799 1163 1859 θεοῦ.

32 1908 64 1960 15
73 1895 259 1980 άναφίρεται
276 1898 309 1960 δὲ
322 1898 372 1960 καί
386 1896 441 1980 τὴν
455 1897 561 1982 τρίτην
573 1907 685 1989 μοῖραν
699 1902 761 1961 τῶν
772 1892 877 1983 φόρων
891 1902 1086 1981 συγχωρῆσαι
1100 1904 1165 1971 τοῖς

69 1993 216 2077 όπηκόοις
228 1998 281 2061 τόν
294 1999 425 2078 βασιλία
438 2000 625 2085 Μαυρίκιον,
647 1995 784 2065 τάλαντά
798 2025 829 2065 τε
843 1995 1006 2085 τριάκοντα
1020 2009 1084 2074 τοῖς
1098 2002 1161 2062 Βυ-

71 2100 201 2175 ζαντίοις
222 2096 508 2183 φιλοτιμήσασδαι,
536 2098 619 2175 ὅπως
643 2101 698 2166 τόν
720 2109 780 2165 τῶν
799 2098 922 2166 ῦδάτων
945 2099 1035 2166 όλκόν
1057 2125 1162 2185 νεουρ-

67 2196 220 2286 γήοοιντο.
1177 2258 1201 2311 c

173 2299 231 2371 14.
284 2301 344 2383 Μὴ
368 2297 564 2388 παραδράμοι
589 2303 623 2367 δὲ
644 2301 718 2379 τοδς
740 2307 940 2390 φιλολστορας
955 2304 1005 2367 noi
1021 2302 1061 2368 sel
1078 2300 1157 2367 nord
1175 2328 1198 2378 v
1216 2327 1268 2382 239
1376 2325 1379 2330 ·

35 2403 129 2486 νοτίην
140 2403 306 2491 Εῦφημίαν
318 2404 372 2489 τὴν
382 2402 527 2489 μάρτυρα
547 2402 730 2491 παραδόξως
750 2403 967 2489 συμβεβηκότα
980 2404 1051 2470 κατ’
1067 2403 1160 2469 ἐκεῖνο

72 2514 198 2588 καιροῦ,
226 2502 306 2571 ἀλλά
321 2534 350 2572 τι
365 2507 473 2592 μικρὸν
489 2510 726 2590 παρεκτείνωμεν
742 2509 795 2572 τόν
811 2504 916 2592 λόγον·
942 2507 982 2572 τά
997 2506 1056 2595 γάρ
1071 2508 1161 2584 θείας

71 2606 251 2691 ίλλάμψιως
262 2606 435 2695 διηγήματα
446 2607 607 2693 τετευχότα
621 2611 736 2693 πολλὴν
748 2621 815 2686 ταῖς
829 2619 944 2695 ψυχαῖς
956 2617 1017 2675 τῶν
1031 2607 1159 2675 άιιουόν-

72 2735 132 2773 των
148 2711 205 2793 τὴν
218 2711 296 2795 παρ’
313 2710 432 2777 ἑαυτῶν
446 2719 677 2796 φιλοτιμοῦνται
698 2713 854 2798 αἰφίλειαν.
905 2718 943 2775 Χ
941 2712 1081 2796 αλιιηδιόν
1101 2708 1159 2777 πό-

72 2817 117 2885 λις
137 2813 323 2891 καθίδρυται
339 2814 387 2876 inl
402 2812 557 2894 στόματος
572 2812 697 2878 Πόντου
704 2864 715 2893 ,
744 2816 775 2889 le
792 2814 829 2877 τό
847 2812 1010 2895 άντιιιίρας
1025 2820 1080 2879 τοῦ
1095 2820 1157 2878 τῶν

37 2924 65 2975 25
73 2916 246 2993 Βυζαντίων
268 2917 467 2998 πολίσματος.
519 2918 551 2979 ἓν
570 2914 668 3003 ταότη
689 2916 763 2991 νεώς
781 2918 904 3002 λ’δρυται
922 2915 1086 3002 Εῦφημίας
1102 2921 1156 3000 τῆς

71 3076 107 3129 eis
125 3076 221 3141 dicam,
236 3073 374 3146 divulgat.
406 3078 500 3130 Petrus
516 3076 605 3147 itaque
622 3086 652 3132 nt
668 3096 754 3131 eorum
777 3096 844 3148 quae
861 3097 909 3148 per
925 3083 1039 3145 statuas,
1064 3096 1110 3133 seu
1128 3086 1158 3133 ut

72 3146 260 3199 convenientius
280 3146 386 3215 loquar,
408 3163 458 3216 per
476 3148 611 3201 daemones
628 3148 808 3217 praenuntiata
824 3158 897 3201 erarrt
914 3148 1008 3199 exitum
1026 3148 1158 3215 cognorit,

72 3215 267 3296 praedictionem
288 3232 396 3286 'qaroqoe
420 3215 577 3283 divulgavit,
601 3217 836 3287 calligraphnmque
858 3215 1012 3269 narrationis
1029 3224 1157 3269 auctorem

73 3301 98 3334 sn
121 3284 227 3337 medium
250 3284 381 3353 produxit.
416 3285 494 3336 multa
515 3284 615 3354 quidem
639 3295 666 3339 et
688 3286 740 3339 alia
762 3303 842 3353 eaque
858 3284 982 3337 mirabilia
999 3284 1026 3337 in
1044 3284 1155 3337 futurum

75 3351 183 3405 Romano
204 3351 311 3421 imperio
335 3352 469 3420 praedicta
490 3363 565 3418 sunt,
595 3372 663 3423 quae
685 3354 708 3406 si
731 3353 851 3407 disertius
875 3352 1017 3422 explanare
1041 3353 1156 3418 velimus,

73 3421 161 3473 nullom
176 3429 276 3491 tempus
292 3421 366 3472 nohis
382 3422 524 3475 suffecerit.

137 3491 204 3553 Quin
229 3490 304 3541 etiam
329 3490 496 3557 praedicatur
519 3489 659 3544 Mauricius
682 3489 843 3559 eloquentiae
866 3488 946 3543 luisse
969 3488 1155 3559 cupidissimus,

73 3557 160 3625 quique
182 3560 208 3611 in
232 3557 329 3611 artibus
354 3556 503 3623 liberalibus
520 3560 702 3621 desudassent,
729 3576 774 3611 eos
792 3559 932 3611 honoribus
948 3558 1091 3629 insignibus
1110 3575 1155 3614 tu·

74 3625 181 3678 uolasse.
217 3626 367 3678 aedificasse
389 3627 450 3679 item
476 3628 553 3680 Tarsi
575 3630 695 3696 templum
720 3628 800 3679 Paulo
824 3627 917 3689 Cilici,
942 3628 984 3697 qui
1008 3635 1063 3680 toto
1090 3645 1155 3696 pene

75 3694 131 3746 orbe
146 3696 290 3746 salutariter
307 3695 465 3762 evangelium
484 3696 580 3749 Christi
599 3696 673 3761 lesu,
689 3697 813 3765 unigeniti
832 3695 877 3748 lilii
894 3696 951 3760 dei,
969 3695 1154 3749 disseminavit.

75 3760 170 3830 insuper
190 3763 293 3815 tertiam
317 3772 414 3830 partem
438 3764 602 3833 vectigalium
625 3765 735 3817 subditis
758 3766 901 3831 remisisse,
924 3773 952 3819 et
968 3765 1102 3834 Byzantiis
1119 3764 1152 3817 ad

75 3831 239 3897 aquaeductus
257 3831 415 3883 renovandos
432 3833 541 3899 triginta
557 3836 653 3887 talenta
671 3834 816 3887 donavisse.

139 3901 177 3955 14.
212 3901 270 3954 Non
293 3901 368 3952 decet
389 3901 555 3955 historiarum
577 3902 684 3971 cupidos
708 3903 868 3973 praeterire,
893 3918 958 3971 quae
974 3900 1018 3953 illo
1037 3908 1151 3970 tempore

76 3966 136 4020 eirca
157 3977 292 4036 martyrem
309 3969 474 4037 Euphemiam
492 3978 596 4051 praeter
614 3972 740 4024 hominum
757 3973 900 4041 opinionem
915 3976 989 4037 gesto
1005 3977 1072 4021 sunt.
1103 3969 1152 4021 all-

77 4046 184 4098 quantum
208 4038 289 4106 igitur
311 4038 450 4089 orationem
477 4039 658 4107 prhducamus..
688 4040 781 4093 etenim
798 4038 957 4092 narrationes
974 4055 1041 4105 quae
1056 4046 1154 4091 mentes

77 4101 155 4179 divina
170 4108 278 4175 quadarn
295 4108 413 4159 claritate
430 4105 586 4171 illuminant,
604 4128 654 4162 non
671 4110 822 4163 mediocrem
839 4107 973 4160 utilitatem
991 4106 1155 4159 audientibus

78 4182 217 4234 ingenerare
240 4183 434 4229 consueverunt.
469 4176 616 4230 Chalcedon
639 4179 701 4231 urbs
724 4186 765 4229 est
781 4177 814 4229 ad
831 4176 923 4229 ostium
941 4175 1018 4228 Ponti
1034 4176 1102 4240 sito,
1121 4194 1154 4227 ex

80 4237 176 4296 adverso
193 4246 322 4315 Byzantii.
355 4244 382 4298 in
399 4262 431 4298 eo
445 4244 567 4314 tonrplum
590 4255 631 4300 est
647 4254 753 4301 sanotae
770 4244 926 4316 Euphemiae
950 4244 1087 4316 martyris,
1112 4245 1156 4298 ubi
