2817 4742
366 285 552 354 PONTANI
584 277 886 353 ARGUMENTUM.
1102 281 1176 352 157

75 451 202 519 reginam
225 465 329 503 omrem
357 449 387 501 in
404 452 499 515 frusta
522 451 647 515 darunt,
672 450 758 519 ipsum
782 449 893 519 pupillis
916 446 1017 500 adustis
1047 445 1176 499 caecitate

75 522 185 573 multat.
224 536 272 587 per
301 520 486 586 digressionem
511 536 553 572 res
582 519 704 571 Gabadae
727 520 933 580 interseruntur,
961 515 1175 584 quemadmodum

75 591 178 642 scilicet
195 596 282 658 erepto
299 588 349 642 sibi
365 604 446 654 reguo
464 590 493 637 in
516 604 642 639 carcerem
659 590 768 651 missus,
791 588 852 640 inde
868 588 956 639 uaeris
973 585 1093 652 bmetieio
1109 600 1175 636 eea-

75 660 140 709 serit
158 674 319 726 regnumque
335 658 535 723 recuperaverit.
572 655 617 722 (7)
636 656 759 708 Chosroes
775 659 804 708 in
820 658 883 709 solio
900 672 958 707 eum
975 653 1174 706 acelammimsi-

76 728 121 778 bus
139 728 251 778 locatur.
286 728 341 777 eius
359 726 386 775 in
403 732 481 791 putre
498 725 602 793 captiuo
619 724 713 775 alendo
730 725 894 786 liberalitas3
911 726 956 792 gui
973 732 1061 775 tamen
1076 723 1172 786 omnia,

76 795 174 847 addita
191 796 325 847 ambonem
341 796 499 861 asperitate,
516 794 611 845 reiicit.
645 794 719 847 iussu
728 794 787 859 filil
802 811 883 861 usque
899 794 935 844 ad
955 809 1042 843 necem
1053 791 1173 857 sortibus

74 865 255 916 contunditur.
290 861 442 930 llppoarisis
459 861 593 913 cnutone.
631 863 773 918 Varamusn
796 863 871 914 donis
893 869 920 913 et
942 860 1172 929 pollicitationibus

69 935 179 1000 frustra
197 938 298 994 tentat,
323 948 341 982 a
365 949 414 1000 pua
437 947 483 999 per
509 930 646 999 epistolam
669 947 728 983 eum
744 934 823 997 sustu
845 933 970 998 scriptam
994 930 1026 980 de
1041 930 1172 981 seditiosis

74 1003 103 1053 s'n
121 1018 251 1053 carcerem
267 1000 419 1053 reuocandis
435 1007 561 1052 manetur.
598 1002 643 1065 (8)
661 1017 707 1051 rea
723 1001 760 1052 ad
769 1016 904 1069 procerum
921 1016 1062 1052 eonsmsum
1073 998 1106 1048 sle
1121 998 1170 1050 lit-

76 1072 139 1122 ter.'s
163 1070 273 1121 l‘arami
290 1072 380 1135 refert.
415 1070 451 1120 ad
467 1071 536 1121 iram
552 1068 586 1119 ab
611 1070 702 1121 iisdem
729 1070 907 1122 extimulatur.
943 1068 1055 1121 eiusdem
1073 1068 1170 1118 cautio.

75 1138 183 1189 litterae
201 1138 331 1190 Chaereae
347 1138 384 1189 ad
401 1138 557 1200 Varamum‚
580 1138 673 1206 quibus
684 1141 789 1204 sactum
813 1141 868 1190 eius
884 1144 1005 1201 ercusat,
1021 1137 1124 1203 eulpam
1140 1135 1170 1186 irs

74 1208 186 1258 scribam
197 1212 287 1274 tacete
307 1210 450 1273 transfert,
466 1213 550 1275 negat
565 1223 592 1259 se
602 1208 743 1273 sucturum
760 1224 827 1275 puae
846 1210 976 1275 postulet,
999 1206 1108 1274 spiritus
1125 1221 1169 1255 ro-

75 1276 132 1342 gios
149 1277 271 1328 ostendit.
308 1279 352 1342 (9)
372 1277 496 1327 Chosroes
513 1282 604 1327 eontra
620 1276 763 1327 Varamum
781 1276 894 1327 detectos
911 1277 981 1344 ogit,
999 1276 1075 1326 duces
1089 1289 1170 1340 prae-

74 1346 155 1411 ponit.
191 1348 281 1413 copiae
298 1347 384 1411 sturio
410 1352 575 1411 separantur.
610 1347 718 1410 frustra
744 1345 864 1397 collomrti
886 1345 922 1396 ad
941 1344 1106 1395 solidationes
1121 1359 1167 1394 ae-

74 1414 157 1465 niuat.
194 1416 322 1465 chosroae
345 1414 489 1477 timiditas,
517 1414 625 1465 Varami
639 1414 764 1481 fidentia.
799 1415 922 1466 Chosroes
939 1421 1066 1481 suspectos
1082 1413 1168 1462 inter-

68 1482 135 1548 ficit.
171 1491 249 1534 noctu
266 1482 409 1534 intruditur.
443 1484 529 1535 multa
546 1484 636 1536 caudes
653 1485 749 1535 editur.
782 1484 861 1535 multi
884 1484 921 1535 ad
941 1483 1083 1534 Varamum
1099 1481 1167 1547 defi·

75 1552 154 1603 dunt.
190 1554 271 1619 etiam
294 1546 349 1619 ip'se
372 1552 495 1605 chosroes
515 1555 616 1620 fugam
641 1555 691 1605 init
736 1554 795 1619 (10)
818 1555 948 1604 corcsullat
972 1553 1096 1603 cronon
1114 1568 1166 1617 pua

73 1636 99 1670 oe
114 1627 211 1672 uertat.
246 1621 448 1673 christianorum
476 1622 552 1673 deum
575 1624 688 1675 inuocat.
719 1626 818 1689 froeno
843 1622 949 1673 dimisso
972 1622 1030 1687 equi
1047 1635 1166 1687 gressum

73 1690 195 1754 sequitur.
230 1690 338 1741 Circesii
360 1708 378 1741 a
395 1690 477 1742 Probo
499 1691 648 1742 hunmuiter
672 1692 809 1759 acciptur.
844 1690 1001 1742 Comenliolo
1025 1688 1087 1739 duci
1109 1688 1166 1739 eius

73 1764 213 1824 advertus,
231 1766 259 1811 et
281 1758 344 1827 quid
360 1760 393 1810 ab
410 1760 566 1827 imperatore
580 1766 670 1827 petat,
687 1762 866 1829 significatur.
901 1760 1020 1812 mittitur
1032 1773 1089 1809 cum
1106 1757 1163 1823 epi-

73 1828 140 1877 stola
150 1831 259 1887 nuntius
273 1828 480 1893 adillaurieium,
498 1846 572 1896 poian
587 1832 679 1897 iugens
691 1831 752 1882 irule
768 1831 873 1881 laetitia
888 1834 1005 1896 occupat.
1040 1827 1102 1893 (11)
1114 1826 1164 1876 lit-

76 1901 144 1945 terac
163 1896 291 1949 Chaereae
308 1897 343 1948 ad
360 1898 526 1950 Mauricium.
562 1900 614 1949 duo
638 1916 690 1951 esse
706 1899 817 1967 imperia
833 1899 946 1951 carnium
963 1897 1091 1959 marimo,
1108 1894 1164 1945 lla-

74 1978 177 2015 manum
194 1972 219 2017 et
235 1966 375 2019 Persicum.
410 1969 541 2019 accusatio
566 1969 689 2032 Varami,
717 1977 810 2021 eontra
827 1985 900 2036 pucm
917 1968 1065 2020 concitatur
1081 1966 1165 2031 impe·

75 2040 145 2083 rator
162 2042 188 2087 et
204 2038 333 2089 auritium
357 2043 477 2105 rogetur.
514 2036 842 2107 (nuncupassemus
864 2038 1000 2100 blanditur
1020 2036 1164 2085 laramuss

79 2119 210 2218 Vosrocps·
223 2108 315 2173 quaeri
337 2123 368 2156 ae
392 2109 506 2225 uirrctrrp
534 2108 593 2227 mun
616 2107 861 2228 iubetallindocu
877 2107 988 2227 simultis
1012 2104 1163 2222 “gmffi‘s‘

99 2188 180 2225 aramr
199 2192 227 2225 sn
252 2191 333 2225 resno
359 2193 420 2227 oecos
453 2193 506 2227 oo
531 2191 613 2229 asur.
648 2193 699 2227 scm
744 2194 772 2227 re
794 2194 833 2227 em
850 2194 975 2228 cussus.
1011 2191 1029 2225 a
1096 2188 1166 2221 aess-

76 2238 169 2293 diarios
186 2213 360 2311 Martpdopoli
383 2192 626 2297 eiddmmandatum.
662 2264 680 2295 a
697 2194 826 2297 Mauricio
843 2262 890 2313 per
910 2246 1000 2295 drrcem
1020 2188 1166 2293 conligatio-

77 2307 125 2358 lum
146 2311 269 2363 Chosrccs
292 2314 443 2365 honoretur.
479 2315 592 2365 ciusdem
615 2315 768 2381 impostura.
808 2315 866 2379 (13)
894 2314 1019 2364 cneum
1040 2317 1071 2361 ut
1088 2314 1166 2375 veter

76 2382 100 2425 et
121 2380 207 2430 malae
221 2382 291 2446 fidei
314 2383 526 2449 reprehenditur:
552 2400 609 2433 eum
633 2384 670 2432 ad
693 2401 721 2434 sc
745 2384 832 2434 uenire
856 2382 1001 2435 Mauricius
1022 2396 1075 2431 non
1096 2380 1165 2429 nult.

77 2444 156 2512 legati
172 2448 302 2501 chosroae
320 2451 356 2501 ad
373 2453 565 2518 imperatorem.
599 2452 726 2519 principis
740 2452 827 2518 legati
844 2453 943 2514 oratio,
967 2466 1020 2517 pua
1042 2450 1165 2499 ionteresse

75 2511 263 2581 Romanorum,
286 2519 419 2571 Persicum
440 2526 513 2571 stare
534 2521 686 2587 imperium,
705 2521 847 2589 praeclara
863 2521 1041 2588 disputatione
1055 2517 1161 2586 probat.

75 2584 153 2635 multa
169 2588 201 2637 de
217 2587 362 2657 Alexandri
377 2588 474 2655 Magni
496 2588 637 2641 ambitione
653 2590 772 2653 disserit,
796 2597 823 2642 et
845 2591 1026 2658 imperatorem
1048 2587 1085 2637 ad
1101 2603 1161 2637 suo-

76 2656 220 2708 aurrendum
245 2658 305 2726 regi
325 2658 486 2710 uehementer
512 2659 608 2711 incitat
653 2662 714 2719 (14)
737 2661 810 2712 dieta
825 2660 944 2728 placent,
968 2657 1095 2710 auxilium
1113 2656 1161 2705 de·

76 2725 189 2776 concitur.
225 2726 351 2780 Maurieii
363 2729 527 2796 ingenuitas.
561 2730 677 2796 captivos
696 2730 825 2781 chosroae
840 2730 966 2789 remittit,
991 2740 1097 2789 cumque
1112 2737 1162 2789 per

77 2784 259 2843 Melitenenoem
281 2804 305 2845 et
331 2797 517 2847 Antiochenum
539 2800 669 2863 episcopos
698 2799 773 2849 dorsis
805 2803 831 2847 et
861 2796 958 2845 solatio
987 2793 1159 2860 prosequitur.

77 2853 197 2910 chosroae
212 2861 249 2911 ad
263 2858 399 2915 Nisibenos
415 2864 447 2913 de
463 2864 549 2928 officio
566 2865 659 2982 le'goti.
697 2866 807 2915 l'arami
822 2863 909 2931 legati
924 2862 960 2913 ad
978 2863 1160 2928 imperatorem

78 2938 127 3006 arni
142 2930 281 2995 promissis,
292 2930 389 2981 reiecti.
424 2926 556 2999 satrapae
604 2949 709 2998 aromo,
732 2933 788 2985 eius
804 2933 918 2985 moribus
933 2930 1159 2999 importunissimis

77 2999 182 3062 srnloti,
204 3015 289 3050 necem
311 3006 433 3065 struunt,
456 3007 483 3051 et
506 3001 535 3051 in
557 3002 689 3069 palatium
715 3004 843 3054 irruentes
872 3008 959 3069 coepto
978 3003 1157 3066 frentrantur,

77 3064 204 3133 misereque
221 3069 382 3121 occiduntur.
418 3070 479 3136 (15)
496 3070 608 3123 llinrloes
624 3074 731 3134 cearlit3
748 3074 838 3139 copias
849 3070 1040 3138 Andrnbigano
1052 3068 1158 3129 educit)

77 3128 241 3198 Mystaeoncm
257 3139 290 3189 rle
306 3146 380 3190 statu
398 3139 527 3191 chosroes
543 3141 633 3203 do'cct,
657 3159 732 3210 quem
757 3143 839 3193 armis
854 3140 998 3192 iuuandum
1015 3140 1158 3206 imperator

77 3197 208 3267 hunnum·
223 3208 393 3260 commendat.
429 3208 539 3261 Varami
546 3227 622 3262 canes
637 3228 694 3262 cum
711 3213 818 3263 laetitia
833 3217 981 3264 narrantur
997 3216 1023 3261 et
1041 3207 1157 3259 audiun·

77 3274 121 3323 tur.
151 3276 263 3328 llindoes
279 3276 383 3343 regiam
405 3280 540 3345 pecuniam
564 3281 593 3329 in
618 3281 728 3331 mititem
747 3286 849 3348 erogat.
884 3279 996 3331 Nisibim
1013 3276 1157 3328 obsidentes

77 3339 107 3389 “tl
122 3343 243 3399 Cinsroae
267 3351 355 3415 partes
378 3347 510 3398 accedunt.
547 3346 647 3399 Arabia
669 3356 696 3400 et
713 3350 787 3400 urbes
803 3366 884 3416 usque
900 3348 937 3399 ad
952 3346 1056 3414 'l'igrim
1074 3345 1157 3395 Chos-

77 3422 130 3463 tsae
145 3416 290 3468 traduntur.
324 3414 508 3482 Martyropolis
524 3415 648 3467 Romanus
669 3434 748 3485 opera
771 3418 919 3471 Domitiani
943 3416 1057 3486 episcopi
1080 3412 1156 3465 dedi-

78 3481 121 3529 ltt·
153 3485 275 3537 chosroes
290 3490 321 3537 nt
346 3486 470 3553 ingratus
494 3486 652 3553 castigatur.
687 3489 775 3539 Sittas
794 3488 912 3555 proditor
929 3485 1035 3555 ignibus
1055 3498 1156 3535 mema-

79 3551 122 3627 ltr·
152 3556 244 3620 persidi
260 3555 375 3607 llomani
391 3554 544 3623 puniuntur.
577 3556 744 3608 Domitianus
754 3560 856 3625 festum
873 3556 942 3608 diem
958 3556 1069 3617 indicit,
1092 3567 1154 3603 coa·

78 3630 160 3671 twnem
181 3625 389 3690 gratulatoriam
413 3622 498 3675 habet.
533 3624 595 3691 (16)
607 3626 782 3692 festivissima
798 3626 946 3679 Domitiani
962 3626 1047 3677 concio
1064 3623 1094 3673 ob
1110 3636 1154 3671 re-

78 3694 163 3763 ftptam
185 3692 399 3761 Martyropolim,
424 3710 477 3761 pua
495 3695 609 3761 popualus
633 3695 669 3745 ad
693 3696 827 3749 laetitiam
848 3697 992 3758 inuitatur,
1017 3690 1154 3743 clementia

78 3762 226 3823 saeuorum
249 3762 340 3815 eximie
364 3760 567 3826 commendatur,
592 3765 732 3832 exemplum
757 3766 933 3819 humamtatis
963 3764 1022 3816 lesu
1053 3758 1154 3811 Christi
1190 3760 1194 3766 “

79 3833 201 3882 sanatoris
222 3834 309 3883 nostri
338 3832 491 3894 inducitur,
514 3831 648 3901 Persisque
670 3834 788 3891 hostibus
816 3836 969 3891 insultatur.
1008 3832 1151 3901 applausus

78 3900 152 3965 ΝΜ
161 3937 171 3965 ,
190 3907 216 3955 el
230 3917 296 3971 prae
311 3903 413 3974 gaudio
429 3901 554 3961 lacrimae
569 3911 738 3971 erumpentes.

488 4154 691 4167 m
