2817 4742
363 366 653 435 HISTOR1ARUM
676 366 733 437 111.
758 368 793 439 8.
819 368 855 441 9.
1084 372 1154 445 131

70 536 244 621 λυσαμένου
263 540 339 628 πρὸς
357 538 412 606 τδν
425 536 596 626 Ὁρμίσδαν
609 536 665 622 τὴν
680 537 749 625 άρτι
765 566 825 606 που
845 540 1025 619 δξαπιναίως
1038 539 1155 631 έχθραν
1172 552 1196 607 c

70 639 273 728 πηγάσασαν,
301 641 483 729 ίγκελεάεται
505 640 522 707 ὃ
544 649 601 726 τῆς
620 645 767 726 Μηδικῆς
785 650 967 730 μοναρχῶν,
1000 643 1035 712 δν
1050 644 1158 734 Ὀρμέ-

71 742 185 829 οδανῆ
202 746 322 831 ἱστορία
346 746 526 831 διέγραψεν,
549 743 677 830 ἄρχοντί
693 771 750 811 τινι
766 753 822 812 τοῦ
836 750 984 832 Μηδικοῦ
1000 748 1086 835 παρά
1103 750 1158 817 τδν

73 847 189 935 Βαρδμ
201 848 441 936 παραγενέσθαι,
469 851 519 913 καί
531 855 587 932 τῆς
598 849 659 930 μέν’
668 847 763 933 ἀρχῆς
774 856 896 916 θᾶττον
910 849 1004 917 αδτδν
1017 850 1158 939 παραλά-

50 958 212 1034 6οασθαι,
236 951 427 1036 χειροπέδαις
439 953 473 1017 δέ
484 958 593 1017 τοῦτον
608 953 716 1035 ένεῒραι
729 955 778 1016 καί
793 951 991 1038 ἠτιμωμένος
1001 965 1067 1031 τοῖς
1080 954 1158 1021 άνα-

72 1053 193 1139 κτόροις
220 1060 341 1120 θάττον
367 1054 462 1120 αδτδν
488 1051 761 1141 παραστήσασθαι.
811 1050 909 1138 δμίν
930 1049 985 1122 οὖν
1005 1054 1158 1144 Βαράμης

72 1160 185 1247 (τοῦτο
205 1156 264 1243 γάρ
286 1156 386 1240 ὄνομα
405 1164 450 1247 τῷ
474 1152 534 1223 διεδ
555 1164 611 1222 τοῦ
625 1156 776 1236 βασιλέως
788 1154 1024 1246 ἀπεσταλμένην)
1047 1186 1159 1247 χειρω-

71 1263 138 1337 θείς
159 1254 221 1326 διεδ
241 1266 304 1326 τῶν
318 1260 433 1347 Βαρδμ
452 1262 506 1325 καί
518 1284 574 1325 τινι
585 1265 647 1323 τῶν
662 1261 813 1343 μεγίστων
829 1256 1002 1347 ἐλεφάντων
1016 1265 1159 1345 παραδο·

71 1366 138 1440 θείς
162 1360 376 1449 παρανάλωμα
399 1361 626 1446 κατεστρέψατο
646 1360 701 1427 sis
726 1362 796 1443 βίον
815 1357 991 1453 πικροτάτην
1011 1361 1159 1454 θανάτῳ·

38 1462 235 1547 ίοῸρμίσδοο
260 1467 294 1531 δέ
315 1463 623 1547 καταπολεμηθέντας
647 1459 709 1529 διεδ
732 1463 848 1550 Βαρδμ
867 1470 924 1547 τῆς
945 1489 978 1531 τε
1001 1469 1160 1545 βασιλείας

71 1566 311 1653 καθαιρεθέντος
319 1616 329 1647 ,
356 1564 504 1653 Χοσράον
526 1592 559 1632 τε
583 1572 638 1632 τοῦ
654 1567 802 1651 νεωτέραν
817 1572 872 1632 τοῦ
884 1563 1035 1651 Ὀρμίσδα
1048 1569 1159 1646 παιδὸς

72 1671 396 1746 καταστασιασθέντας
421 1669 499 1736 κατδ
519 1668 572 1735 τδν
586 1668 692 1751 καιρδν
707 1663 762 1750 τῆς
776 1663 974 1752 άναρρῆσεονς
991 1667 1158 1737 κάντεῦθεν

72 1770 359 1859 προσκεχωρηκότας
376 1770 552 1853 Ῥωμαίοις,
580 1766 596 1835 ὅ
617 1768 714 1854 γέρων
734 1772 845 1845 ἐκεῖνος
858 1772 908 1835 καὶ
922 1772 1075 1859 Περσικὸς
1088 1776 1160 1840 δια-

72 1875 172 1943 λάεται
190 1874 321 1955 πόλεμος
325 1922 335 1953 ,
359 1875 401 1949 είς
414 1870 470 1938 δάο
486 1867 616 1947 δεκάδας
631 1874 783 1946 διατείνας
798 1874 953 1939 ἐνιαυτῶν.

39 1986 66 2039 15
170 1978 204 2045 9.
254 1976 346 2041 Ἀλλά
361 1978 431 2061 πρίν
442 1971 482 2039 τά
498 1999 530 2040 τε
543 1980 589 2064 τῷ
603 1974 719 2060 Βαρδμ
733 1975 965 2061 διαπραχθέντα
977 1971 1016 2040 τά
1030 2001 1063 2041 τε
1076 2001 1156 2059 οομ-
1170 1998 1196 2051 1)

71 2076 224 2163 βεβηκότα
248 2078 327 2144 κατά
351 2076 407 2161 τὴν
424 2072 569 2162 Χοοράοα
584 2082 641 2141 τοῦ
656 2076 803 2162 νεωτέρου
815 2074 1031 2164 προσχῶρησιν
1045 2080 1159 2159 διεξέλ-

72 2189 176 2264 θωμεν
208 2176 467 2267 διεξοδικώτερον,
502 2174 746 2261 έπαναζεάξωμεν
777 2178 834 2263 τὴν
856 2177 1008 2267 ἀφήγησιν
1030 2180 1079 2247 tat
1100 2182 1158 2267 τὴν

69 2283 231 2350 Ἰοοστίνοιι
245 2291 301 2350 τοῦ
315 2282 462 2365 νεωτέρου
481 2283 658 2364 βασιλείαν,
685 2280 740 2347 τδν
755 2276 846 2366 λόγον
859 2308 919 2348 που
931 2282 1008 2368 πρδς
1020 2283 1157 2352 ταδπίοιο

72 2387 177 2473 μικρδν
190 2386 421 2462 άνακλίναντες·
448 2383 505 2462 τάς
521 2387 620 2461 αἰτίας
630 2384 689 2470 γάρ
706 2386 848 2450 ίντεῦθεν
862 2385 985 2468 λέξομεν
1000 2390 1056 2468 τῆς
1070 2392 1155 2473 Περ·
1171 2406 1194 2461 Ρ
1212 2408 1248 2466 74

40 2498 155 2575 βοοικῆς
168 2487 284 2572 ταύτης
294 2492 347 2581 Ικαί
360 2484 563 2575 πρεσβύτιδος
570 2483 688 2570 μάχης·
712 2484 794 2552 οὕτω
806 2486 866 2574 γάρ
880 2494 925 2577 τῷ
938 2486 1158 2586 άπαραλιίπτιρ

74 2599 132 2659 τῶν
142 2589 352 2681 ιλφηγημάτων
367 2590 397 2657 oi
411 2597 466 2674 τῆς
480 2590 616 2675 ἱστορίας
628 2585 879 2676 άνραῖοθῆσονται
892 2592 1024 2667 πίνακες.

166 2694 384 2761 Ἰουστινιανοῦ
407 2701 463 2759 τοῦ
486 2689 715 2778 αὐτοκράτορος
737 2690 813 2777 πρδς
829 2691 885 2775 τὴν
904 2689 1058 2778 ιἰκῆρατον
1072 2698 1158 2777 λῆξιν

74 2794 362 2881 μεταχωρήσαντας,
390 2796 475 2862 έννέα
490 2797 540 2861 καί
553 2790 717 2883 τριάκοντα
734 2793 813 2859 δ’τεσι
828 2794 870 2860 τά
880 2783 1159 2875 Ῥωμαίωνδιιθά-

76 2922 179 2974 ναντος
203 2904 346 2989 σκῇιττρα
354 2947 365 2979 ,
391 2899 502 2984 γίνεται
524 2903 579 2981 τῆς
598 2904 660 2961 τῶν
676 2893 864 2984 πραγμάτων
878 2892 1037 2982 ἡγεμονίας
1050 2894 1155 2967 διάδο·

78 3183 103 3247 sp
119 3182 197 3251 nupap
215 3168 324 3253 repente
347 3168 377 3219 nt
395 3182 427 3249 apr
452 3162 715 3249 iontetprosuderat3
737 3178 788 3216 non
811 3160 966 3234 deponeret,
989 3181 1036 3218 rex
1058 3160 1159 3249 o‘uidsps

77 3232 1160 3373 itaitinniantnstituitiiti÷izits⁰ssattiitt.ttti

78 3386 136 3424 mum
152 3374 177 3426 in
193 3372 317 3445 palatium
334 3371 454 3424 adducat.
475 3372 594 3423 Sarumas
610 3370 691 3436 igitur
709 3372 777 3435 (hoo
792 3368 829 3420 iiii
846 3370 879 3419 ab
896 3386 959 3436 rega
976 3369 1050 3422 misso
1068 3388 1158 3424 nomen

77 3442 147 3507 erat)
171 3460 188 3495 a
211 3443 320 3494 Veromo
345 3447 451 3508 captus,
474 3439 670 3504 vastissimoqua
692 3438 791 3489 cuidam
815 3436 953 3506 elephanto
970 3438 1157 3492 conculcandus

79 3524 120 3576 pro
137 3510 192 3563 iudo
209 3512 334 3575 obiectus,
350 3508 496 3562 tristissimo
514 3506 584 3559 axitu
601 3505 680 3558 vitum
696 3505 787 3557 finivit
822 3521 855 3556 ex
872 3523 923 3573 quo
939 3513 1025 3560 autem
1041 3507 1158 3562 Hormia-

79 3578 120 3628 dsa
136 3594 151 3629 a
166 3580 276 3632 Varamu
294 3587 335 3631 est
351 3584 521 3647 oppugnatus,
539 3583 567 3627 at
582 3591 687 3644 reguum
707 3574 866 3636 subversum,
884 3575 1064 3646 Choaroesqua
1075 3577 1159 3632 iunior
1195 3604 1202 3618 ·

79 3644 220 3700 Hormisdae
237 3648 305 3698 iiiius
322 3657 437 3717 tempore
454 3644 590 3698 creationis
607 3660 668 3696 suae
684 3642 811 3695 seditione
828 3643 956 3706 afflictus,
975 3644 1086 3715 indeque
1102 3661 1159 3699 oum

79 3714 188 3768 Romanis
211 3714 318 3765 foedere
344 3714 506 3783 hospitioque
531 3715 695 3775 coniunctus,
724 3720 798 3763 seura
825 3711 887 3765 iilud
912 3712 1004 3767 beilum
1028 3714 1158 3779 Persicum

81 3784 148 3836 aunis
161 3788 195 3839 20
212 3788 326 3851 gestum,
342 3785 444 3835 tandem
463 3784 598 3851 aliquando
616 3780 770 3850 conquievit.

140 3857 162 3908 ⁹.
197 3852 251 3904 Sed
269 3849 416 3921 priusquam
437 3852 538 3904 Varami
556 3866 612 3915 res,
638 3860 665 3903 et
682 3866 749 3919 quae
765 3849 882 3901 chosroe
898 3847 996 3903 iuniore
1012 3848 1045 3900 ad
1062 3848 1158 3902 Ruma-

80 3933 122 3970 uos
136 3938 161 3973 se
177 3921 323 3991 applicante
340 3919 501 3984 acciderunt,
518 3919 599 3973 fusius
617 3935 788 3987 exponamus,
805 3917 946 3971 orationem
964 3918 997 3969 ad
1012 3919 1156 3973 memoriam

80 3988 149 4049 paulo
163 3991 211 4043 hae
229 3999 316 4043 nostra
331 3988 500 4055 antiquiorem
518 3989 693 4050 reflectamus,
719 4003 863 4055 causasque
886 3987 960 4039 huius
978 3985 1077 4039 Persici
1094 3986 1157 4038 belii

81 4052 104 4103 in
121 4072 167 4122 quo
184 4068 224 4112 tot
240 4058 299 4112 auni
318 4057 458 4125 oonaumpti
476 4066 550 4122 siant,
576 4057 737 4109 disseramus.
771 4056 809 4107 sio
831 4056 896 4108 euim
913 4054 1037 4109 historiae
1053 4055 1157 4110 tabulae

82 4126 242 4192 oniabuutur,
260 4146 316 4180 oum
333 4128 366 4179 de
382 4125 528 4178 narratione
544 4126 607 4177 nihii
624 4123 874 4195 praetermiserimus.

143 4192 278 4265 Postquam
293 4196 448 4249 Iustinianus
466 4199 596 4263 Augustus
618 4210 684 4246 anno
700 4192 800 4262 imperii
817 4208 883 4243 nono
905 4205 986 4260 supra
1003 4188 1156 4242 tricasinum

85 4256 115 4310 εδ
129 4268 215 4316 sortem
232 4275 259 4317 et
276 4264 447 4319 conditionem
462 4262 660 4315 immortalitatis
676 4261 825 4330 emigravit,
843 4259 955 4314 Iustinus
966 4258 1062 4323 iunior,
1079 4259 1158 4311 luati-

86 4326 159 4381 uiaui-
168 4346 198 4384 ex
219 4349 308 4388 sorore
324 4350 419 4406 uepoa,
441 4348 527 4388 rerum
543 4333 658 4388 habenas
673 4329 781 4403 exeipit.
813 4327 837 4384 ia
853 4329 914 4384 dum
929 4328 1063 4400 septimum
1078 4326 1159 4398 impe·
