2817 4742
256 355 329 426 130
643 355 966 427 THEOPHYLACTI

252 533 293 615 τῇ
316 528 443 613 έπιβολῇ
465 532 521 610 τής
544 522 743 605 ἀποστάσεως
763 526 924 613 παρέχεται
931 508 949 606 ,Ι
969 526 1024 593 τδν
1044 527 1079 594 δέ
1093 532 1150 611 τῆς
1165 528 1341 612 τυραννίδος

253 631 371 714 πατέρα
391 627 589 718 (Συμβάτιος
600 631 699 715 ὄνομα
714 631 820 721 αὐτῷ)
843 632 967 713 δέσμιον
981 638 1105 713 βασιλεῖ
1117 625 1339 715 παρεστήσατο.

252 741 310 799 τοῦ
334 734 368 798 δέ
389 733 539 813 βασιλέως
560 735 672 816 τεμένει
692 738 857 817 διαιτητῶν
869 734 927 817 τὴν
940 732 1079 815 βάσανον
1092 740 1147 816 τῆς
1160 734 1341 815 κατηγορίας

162 839 185 894 Ρ
202 842 236 897 73
254 836 464 921 εὐσεβέστερον
488 834 730 922 ἐξαρτήσαντας,
755 840 807 903 λ’να
820 837 865 922 μὴ
879 844 924 927 τῷ
939 833 1128 926 άνεξετάστιρ
1151 842 1213 901 τῶν
1239 837 1342 920 ίγκλη-

250 935 358 1023 μάτων
379 938 474 1029 άδίκεμ
495 943 653 1031 παρρησίη
667 942 705 1007 τά
719 948 776 1023 τῆς
788 948 892 1024 ποινῆς
905 938 1117 1025 πολιτεάσηται
1125 987 1136 1019 ,
1153 944 1360 1020 ,eudomio-⁵

187 1064 189 1069 ·
250 1052 343 1127 γεῖται
359 1042 444 1127 παρὰ
458 1048 514 1107 τοῦ
530 1046 630 1109 olrico
649 1044 688 1109 τά
702 1040 961 1127 πλημμελήματα.
1013 1045 1064 1108 καί
1086 1045 1166 1125 δῆτα
1182 1048 1245 1107 τῶν
1262 1043 1341 1105 δεδι-

250 1142 387 1210 κακάτων
415 1147 698 1232 προσενεγκαμένων
725 1145 901 1231 ἀπόφασιν,
935 1149 1066 1236 τιμωρίη
1087 1170 1120 1211 τε
1141 1140 1341 1231 βηριοβλήτῳ

250 1243 416 1333 φησάντων
430 1247 503 1324 roric
517 1248 556 1313 τά
572 1256 701 1316 τοιαῦτα
715 1247 893 1335 ,δράσαντας
908 1247 1044 1314 ε’κποδάιν
1061 1254 1123 1314 τῶν
1137 1246 1339 1332 ἀνθρωπίνων

248 1348 391 1434 γενέσθαι
406 1346 612 1435 πραγμάτων,
636 1359 693 1418 τοῦ
706 1378 739 1419 τε
752 1350 890 1437 θεάτρου
905 1353 1114 1435 πλησθέντος,
1141 1352 1191 1415 καί
1212 1346 1339 1431 μελλάν-

247 1476 312 1517 των
326 1447 401 1517 είναι
414 1456 534 1538 δηρίων
546 1455 629 1539 βορά
643 1462 704 1521 τῶν
720 1453 921 1539 πεπραχότων
932 1454 971 1520 τά
985 1449 1249 1539 πλημμελήματα,
1273 1460 1337 1526 ταῖς
1345 1464 1372 1516 1⁰

247 1554 411 1641 εὐφημίαις
429 1562 491 1621 τῶν
511 1554 617 1639 δήμων
637 1557 673 1623 τδ
696 1564 753 1623 τοῦ
777 1559 927 1637 βασιλέως
949 1563 1089 1643 προῆλθε
1103 1552 1335 1642 φιλάνθρωπον.

245 1661 297 1723 καί
324 1654 340 1723 ὁ
365 1659 422 1740 μέν
441 1664 504 1724 τῶν
524 1660 646 1743 θηρίων
669 1661 832 1744 διεκρίνετο
852 1663 902 1725 καλ
920 1659 976 1741 τήν
994 1656 1170 1742 παράδοξον
1184 1659 1337 1739 σωτηρίαν

206 1777 230 1830 Β
247 1761 437 1845 καρπίζεται,
464 1761 543 1827 οἶδέ
557 1764 670 1827 θεαταί
681 1768 909 1847 μεγαλαυχοῦσι
924 1767 987 1828 τῶν
1002 1757 1162 1842 άδοκήτων
1177 1765 1234 1825 τοῦ
1245 1767 1337 1841 βασι-

246 1862 321 1937 λέως
337 1865 514 1946 οίκτειρμῶν
531 1865 565 1930 τά
581 1860 816 1951 φιλάνθρωπον.
1205 1872 1208 1878 ’

350 1968 416 2028 Τοῦ
433 1960 534 2029 πάντα
549 1967 582 2029 δέ
596 1964 711 2051 χρόνον
732 1961 915 2045 καινίζοντάς
928 1992 961 2031 τε
978 1967 1029 2030 καλ
1044 1958 1334 2052 παραχαράττοντος
1342 1974 1369 2028 15

246 2067 296 2131 καί
317 2067 565 2151 διαμορφοῦντος
579 2071 631 2133 καὶ
645 2067 754 2133 άλλοτε
775 2068 876 2143 άλλως
888 2067 1093 2146 πλάττοντος,
1119 2066 1170 2132 καλ
1186 2067 1333 2151 μετατρέ-

244 2193 355 2244 ποντος
368 2175 407 2254 τῇ
420 2177 610 2257 περιστροφῇ
624 2177 679 2254 τῆς
692 2168 861 2254 ἀεικινήτου
879 2165 1035 2251 δινήσεως,
1057 2172 1108 2233 καλ
1124 2177 1167 2257 τῷ
1183 2169 1267 2245 άξονι
1280 2175 1333 2250 τῆς

242 2278 413 2357 περιφορᾶς
427 2279 490 2337 τῶν
502 2270 690 2360 πραγμάτων
704 2279 928 2358 τυραννοῦντος
939 2272 975 2338 sd
989 2268 1109 2356 πάγιον,
1131 2274 1181 2335 καὶ
1197 2270 1244 2335 άελ
1259 2270 1334 2355 πρὸς
1404 2301 1405 2356 γ

243 2373 279 2440 τδ
292 2374 419 2456 βέβαιον
432 2373 695 2461 δυσαρεστοῦντές
710 2400 742 2441 τε
757 2379 806 2441 καὶ
822 2375 1075 2459 νοσηλευομένοο,
1104 2378 1155 2437 καὶ
1171 2371 1241 2439 ὅποι
1256 2380 1332 2455 στῆ·
1403 2457 1404 2462 ¹

242 2502 293 2541 ναι
317 2483 373 2559 τῆς
395 2475 512 2561 πλάνης
533 2477 590 2543 οὐκ
609 2478 749 2561 έχοντος,
776 2480 826 2545 καί
847 2485 886 2565 τῇ
905 2484 961 2561 τῆς
975 2478 1156 2561 παλιρροίας
1181 2474 1368 2564 &scordion
1403 2465 1404 2502 l

241 2575 354 2660 κινήσει
368 2579 402 2645 τὸ
417 2578 579 2665 άνίδρντον
594 2582 786 2663 κεκτημένου,
815 2583 976 2665 συμβαίνει
991 2580 1026 2645 τά
1042 2584 1210 2663 τηνικαῦτα
1225 2585 1331 2664 καιροῦ
1402 2585 1403 2650 l

241 2687 281 2767 τῇ
301 2686 363 2746 τῶν
376 2687 508 2767 Περσῶν
528 2688 668 2775 βασιλείᾳ
683 2680 846 2770 παράλογά
861 2709 926 2761 πως
941 2678 1135 2766 παθήματα,
1163 2680 1285 2746 έκθεσέν
1299 2706 1331 2746 τε
1401 2731 1402 2796 ρ

241 2773 452 2872 άφηγημάτων
467 2787 631 2871 κεκτημένα
649 2786 705 2854 οὐκ
723 2787 877 2872 ἄκομψον.
930 2792 987 2853 τοῦ
1002 2785 1061 2875 γὰρ
1077 2784 1192 2873 Βαράμ
1205 2782 1251 2870 μή
1264 2787 1330 2850 δια·
1400 2845 1401 2856 ,

311 2949 353 3004 1³.
371 2947 399 3004 oi
414 2945 464 3018 tt]
483 2947 517 3005 οί
528 2968 557 3007 τε
573 2949 619 3005 ῙΡ.

241 3082 384 3138 inchoatam
407 3083 576 3140 deiectionem
597 3086 747 3153 intercidit,
772 3093 953 3158 auctoremque
970 3092 997 3142 et
1013 3088 1169 3143 incentorem
1191 3086 1331 3150 turbarum,

241 3153 401 3222 Symbstium
423 3155 565 3220 vocabulo,
591 3155 703 3209 vinctum
720 3157 871 3225 imperatori
887 3160 1048 3212 transmittit.
1081 3158 1126 3209 illa
1142 3155 1330 3209 accusationem
1398 3163 1399 3178 ³

240 3222 348 3274 arbitris
365 3237 455 3276 sacrae
472 3221 559 3276 curiae
576 3223 768 3279 examinandam
785 3226 828 3292 pls
845 3227 1009 3288 commendat,
1024 3244 1057 3278 ne
1075 3226 1107 3278 da
1122 3224 1270 3277 criminibus
1282 3239 1330 3275 acu

240 3289 416 3359 interrogatos
431 3300 521 3345 contra
538 3292 577 3344 ius
593 3292 685 3361 fasque
703 3308 799 3360 ροοοαο
816 3293 969 3346 exsolveret.
994 3294 1089 3346 delicto
1107 3310 1167 3345 reus
1184 3292 1329 3344 confitetor.
1397 3319 1398 3322 =

241 3359 338 3413 iudices
362 3361 512 3413 sententiam
536 3361 639 3421 ierunt,
667 3360 804 3413 bestiarum
828 3360 926 3413 laniatu
957 3360 1097 3414 huiuamodi
1121 3360 1244 3412 scelerum
1261 3378 1329 3412 coru·

241 3437 330 3496 pertus
346 3445 379 3481 ex
397 3430 521 3482 bominum
538 3430 594 3483 rits
611 3428 739 3483 tollendos
755 3446 821 3482 esse.
855 3432 982 3483 theatrum
1003 3428 1194 3499 spectatoribus
1217 3430 1343 3498 comple-1
1396 3457 1397 3472 ι

241 3500 301 3559 tur,
324 3498 482 3550 facinorosus
498 3516 514 3551 a
533 3497 624 3551 belluis
641 3498 803 3552 devorandus
820 3505 999 3568 exspectatur,
1021 3514 1075 3551 cum
1092 3496 1255 3565 imperatoris
1275 3498 1329 3551 cle-

242 3563 340 3617 mentis
357 3564 447 3632 populi
463 3566 658 3619 acclamationes
680 3566 830 3620 antevertit
865 3574 893 3621 et
909 3567 953 3620 ille
971 3565 1073 3635 quiden
1092 3584 1109 3619 a
1126 3566 1216 3619 bestiis
1231 3566 1328 3620 libera·
1395 3589 1396 3610 t

241 3638 300 3697 tur,
317 3632 475 3701 salutemque
491 3641 593 3702 practer
609 3651 679 3687 suam
695 3636 852 3703 aliorumque
868 3636 1012 3705 opinionem
1026 3635 1200 3705 consequitur:
1224 3642 1329 3704 specta·

135 3718 137 3723 ·
239 3710 311 3755 tores
332 3702 511 3769 imperatorem
534 3702 567 3755 ds
588 3702 726 3773 improvisa
747 3705 923 3759 misericordis
944 3714 973 3760 et
994 3704 1149 3759 humanitate
1164 3703 1284 3759 laudibus
1301 3699 1329 3753 in
1394 3761 1395 3772 ρ

238 3770 337 3825 coslum
354 3770 475 3822 efferunt.
1394 3779 1395 3784 ’

308 3840 446 3892 Caeterum
470 3836 530 3890 dum
551 3843 651 3923 tempus
673 3840 757 3895 omnia
781 3845 860 3894 novat
876 3846 904 3895 et
919 3840 1047 3896 adulteret
1064 3848 1091 3896 et
1109 3841 1279 3896 transformat
1302 3842 1330 3891 et

240 3906 304 3961 alias
324 3908 400 3961 aliter
416 3907 493 3976 fingit
509 3924 662 3978 perennique
678 3909 851 3962 conversionis
867 3927 932 3980 gyro
947 3911 1110 3981 circumagit,
1127 3917 1155 3962 et
1167 3907 1235 3975 qood
1249 3908 1328 3959 lixum
1393 3917 1394 3922 ’

241 3988 274 4027 sc
288 3978 385 4029 firmum
402 3984 456 4042 est,
481 3977 621 4031 mobilitate
637 3987 664 4031 et
680 3979 750 4032 liuru
767 3995 852 4031 rerum
870 3981 1030 4033 humanarum
1047 3998 1095 4033 ceu
1114 3987 1171 4031 rota
1188 3974 1328 4029 crudeliter

241 4053 330 4098 verrat
351 4062 382 4097 sc
403 4045 590 4113 circumvolvit,
616 4064 768 4116 semperne
790 4049 958 4099 constantiam
975 4058 1003 4102 et
1019 4047 1186 4101 stabilitatem
1205 4043 1273 4109 odit,
1301 4049 1328 4097 et
1392 4061 1393 4064 ¹

241 4110 299 4165 eius
313 4129 391 4167 causa
407 4114 472 4168 male
488 4132 516 4168 se
533 4117 627 4178 babet,
649 4125 677 4170 et
694 4119 738 4170 ubi
755 4132 867 4169 errorem
884 4118 978 4179 sistat,
1001 4133 1051 4169 non
1067 4113 1181 4180 invenit,
1204 4121 1232 4166 et
1247 4112 1328 4166 reflu-

241 4197 289 4232 xus
305 4189 375 4234 tootu
391 4183 518 4251 inaequali
534 4184 724 4239 instabilitatem
740 4202 811 4239 maro
827 4185 949 4247 ostendit,
967 4184 1025 4236 dum
1041 4186 1114 4245 haec,
1132 4182 1243 4251 inunum,
1260 4191 1327 4235 tem·

238 4264 290 4370 ρρε
302 4249 378 4315 iacit,
397 4253 497 4319 qnidam
514 4270 589 4306 casus
606 4260 658 4307 tum
674 4255 800 4324 inopinati
818 4271 898 4335 regno
915 4261 1070 4316 evenerunt,
1087 4268 1192 4320 quorum
1208 4268 1259 4305 non
1274 4250 1327 4304 erit

267 4317 372 4388 elegeos
388 4322 509 4375 auretio.
533 4339 590 4377 nam
607 4339 663 4377 cum
678 4326 803 4379 Varamos
819 4324 905 4377 cuum
920 4322 1047 4377 adversus
1062 4320 1240 4389 Hormisdou,
1256 4318 1327 4391 quod
