2817 4742
469 315 614 384 REGUM
638 317 674 383 L.
700 317 758 386 lv.
1090 317 1159 388 121

63 488 266 578 ε’ρειπιιύσας,
294 488 373 556 κατὰ
390 494 542 575 Τεφρικῆς
554 486 747 574 ἀγωνίζεται,
772 488 830 554 τινί
841 481 945 577 χρόνῳ
957 487 1163 575 ίνόιαρκίσας.

63 591 109 682 ἧς
131 592 331 678 ἀπρακτήσας
356 589 486 658 ἐπάνεισι
506 590 584 678 πρὸς
604 591 662 676 τὴν
685 587 927 674 βασιλεύουσαν,
955 593 1074 681 καὶτῷ
1098 600 1163 682 ναῷ

65 706 134 766 τῶν
153 692 402 785 ἀρχιστρατήγιον
418 690 538 775 είσύύς,
567 693 601 769 ὃς
620 693 699 778 παρ’
716 692 814 760 circii
833 691 1078 774 κατεσκεύαστο,
1106 695 1165 762 αύ-

64 802 146 880 τούς
163 782 328 866 ίκετεύείίν
341 805 489 885 συντριβῇ
505 800 634 883 καρδίας
653 800 703 863 καί
719 806 916 882 στεναγμοῖς,
942 797 985 881 μή
998 799 1070 882 πρίν
1083 796 1163 865 θεοί·
1181 798 1216 871 νζ
1232 815 1265 868 58

30 918 53 973 5
67 912 193 973 σασθαι
206 901 346 970 θάνατον
360 905 430 987 πρίν
444 900 483 966 ris
497 901 548 966 διό
564 903 642 982 ζωῆς
656 902 745 984 σχοίη
760 900 815 965 τόν
829 898 908 964 κατὰ
926 901 1081 987 Τερρικήν
1099 901 1168 968 όλε·

64 1017 170 1094 θρον·
195 1009 245 1071 καί
264 999 358 1080 αὖθις
379 1004 450 1070 κατ’
476 1002 580 1070 αὐτῶν
602 1001 690 1080 ἔξεισι
707 1003 765 1068 σόν
782 1002 995 1086 πολοπληθίσι
1016 1001 1167 1090 στρατεύ-

65 1134 176 1193 μασιν,
197 1110 322 1194 ἓρημίαν
339 1108 455 1191 πολλὴν
471 1107 576 1183 αὐτοῖς
594 1103 791 1191 ἐπαγόμενος.
817 1105 915 1188 αὐτῆς
929 1107 963 1171 δὲ
976 1109 1167 1194 διειργασμί·

67 1238 128 1297 νης
148 1215 179 1277 ἐν
199 1219 242 1299 τῷ
262 1211 377 1294 μεταξύ
398 1207 570 1296 ούρανόθεν
590 1208 711 1294 βρόμος
723 1217 785 1276 τῶν
799 1207 1055 1296 φρικωδεστόταιν
1067 1239 1167 1297 προσ-

67 1317 172 1381 πίπτει
198 1314 318 1395 αύτοΐς,
345 1311 387 1390 ὥς
409 1311 442 1380 ἔκ
461 1310 575 1379 τούτου
592 1311 648 1388 τὰς
663 1320 718 1395 τῆς
736 1318 891 1399 Τεφρικῆς
905 1309 1037 1400 ίόρύσεις
1051 1316 1167 1381 ἐκδεδι-

17 1431 60 1483 10
68 1425 205 1501 νήσθαι,
231 1420 282 1483 καί
306 1423 363 1482 τοῦ
389 1413 530 1483 τοιούτου
551 1440 582 1501 γε
604 1417 748 1497 δείματος
768 1416 841 1491 τούς
861 1413 978 1500 ταύτης
1003 1415 1167 1507 οίκήτορας

66 1519 161 1608 χύριν
177 1518 279 1586 airon
293 1517 409 1586 θεόθεν
424 1519 621 1594 τελεσθέντος
640 1519 910 1604 καθαπειληφίναι.
961 1520 1014 1585 διὰ
1028 1529 1121 1589 τοῦτο
1136 1523 1167 1588 oi

67 1626 128 1708 μίν
144 1623 244 1691 αὐτῶν
257 1630 301 1711 τῷ
316 1629 440 1704 βασιλεῖ
450 1618 663 1708 προσεχώρουν
679 1621 782 1696 ίλίους
797 1619 951 1704 δεόμενοι,
979 1624 1009 1689 oi
1031 1626 1066 1689 όί
1089 1625 1167 1711 πρὸς

67 1728 112 1793 τὰ
136 1727 222 1792 {iton
246 1728 363 1808 Συρίας
385 1721 665 1806 μεταναστεύοντο,
694 1721 736 1799 ὦς
758 1725 844 1813 παρὰ
864 1723 975 1811 μικρόν
997 1726 1030 1803 ἓξ
1050 1726 1167 1815 ἀμφοῖν

67 1830 130 1914 τὴν
149 1828 236 1894 πόλιν
258 1827 362 1893 αὐτῶν
385 1823 500 1912 ε’ρήμην
526 1832 603 1892 λαοῦ
628 1828 796 1912 γεγονίναι,
830 1825 899 1910 ἥτις
920 1824 1088 1914 κεκρότητο
1110 1838 1167 1897 τοῦ

19 1937 57 1992 15
69 1929 188 2016 ταύτης
202 1935 449 2014 προστατοῦντος
461 1930 733 2012 κατοπτοηθίντος
746 1934 784 1994 Χ
781 1926 967 2015 ροσόχειρος.

180 2025 280 2108 Oinoe
300 2032 358 2118 γὰρ
375 2029 390 2097 ὁ
407 2032 528 2110 ἀλαζών
550 2031 607 2096 σίν
621 2035 770 2122 Καρβαίη
790 2035 840 2098 καί
858 2035 1025 2123 Καλλίστῳ
1040 2040 1168 2102 πλείστα
1184 2048 1208 2102 Β

72 2136 154 2202 κακὰ
174 2141 374 2220 Χριστιανοΐς
396 2132 633 2217 τεκτηνάμενος,
662 2131 704 2211 ὥς
726 2138 775 2200 καί
797 2132 814 2200 ό
837 2132 950 2202 τούτου
971 2134 1090 2224 πατήρ,
1118 2142 1170 2206 καί

71 2241 161 2325 μέχρι
183 2240 390 2320 Νικομηδείας
412 2240 462 2302 καί
487 2240 620 2313 Νικαίας
640 2237 736 2321 αὐτῆς
757 2235 909 2319 διελθών,
938 2239 1016 2304 ἀλλὰ
1036 2241 1098 2324 μὴν
1118 2245 1171 2308 καί

72 2345 115 2418 είς
134 2342 170 2406 τό
193 2347 255 2406 τῶν
280 2341 466 2425 Θρακησίαιν
490 2341 575 2422 θύμα
596 2338 795 2424 διαδραμών,
827 2341 934 2427 μίχρις
950 2338 1094 2408 ’ίαιιίννου
1113 2351 1171 2411 τοῦ

22 2456 65 2510 20
74 2442 224 2529 θεολόγον
240 2450 296 2527 τῆς
308 2445 456 2526 ἐπαρχίας
471 2440 675 2528 κατήντησεν,
702 2435 822 2520 οὗτινος
835 2451 879 2533 τῷ
891 2451 957 2533 ναῷ
970 2445 1000 2510 oi
1012 2445 1071 2511 σύν
1084 2447 1170 2538 αύτῷ

71 2546 246 2631 ἐντυχόντες
266 2542 425 2630 εἰσήγαγον
442 2543 529 2612 τότε
547 2546 645 2632 ύλογιι
666 2544 770 2612 αύτιόν
785 2552 835 2613 καί
853 2548 963 2632 λοιπήν
984 2547 1169 2635 ἀποσκευήν,

71 2655 230 2733 δυσμενῶς
245 2651 461 2736 ε’νεηίρίζοντες.
513 2649 591 2734 πρὸς
606 2642 661 2714 οὖν
675 2649 729 2716 τόν
741 2648 938 2737 Χρυσόχειρα
953 2648 1064 2737 γράφει
1077 2650 1094 2718 ό
1107 2660 1169 2735 βα-

71 2753 174 2829 σιλεύς
189 2749 308 2837 είρήνην
323 2752 510 2832 σονθίσθαι,
538 2749 589 2819 οἷα
600 2752 655 2818 τὸν
670 2749 785 2837 τρόπον
799 2753 946 2841 είρηνικός
958 2750 1105 2838 ύπιίρχαιν
1120 2758 1171 2821 καί

142 2918 168 2968 1.
189 2910 342 2979 inpensione
359 2915 390 2965 1..
526 2917 552 2970 5.
576 2893 661 2985 οχοίει
676 2915 707 2968 1..
846 2919 888 2973 tl.
905 2915 1119 2988 καθοπεελήφαι
1136 2919 1168 2975 Ῑι.

144 2984 187 3038 15.
204 2983 433 3047 κατασταθέντος
449 2983 481 3036 1..

71 3123 138 3184 bus,
164 3119 309 3190 populando
333 3126 360 3174 ct
383 3121 501 3188 captivos
523 3121 692 3188 abducendo,
715 3123 841 3187 resimis,
862 3124 1018 3194 Tephrieem
1036 3133 1169 3198 oppugnat

70 3191 239 3258 aliquandiu,
264 3189 310 3242 sed
329 3207 384 3242 cnm
403 3191 466 3243 nihii
485 3192 637 3260 proficeret,
663 3196 804 3246 revertitur
820 3191 847 3244 in
863 3194 1053 3261 imperatorium
1071 3198 1170 3262 urbem,

68 3261 255 3328 ingressusque
272 3259 390 3328 tempium
409 3259 552 3330 principum
570 3262 689 3314 caelestis
707 3261 829 3324 militine,
852 3265 921 3328 quod
939 3265 997 3334 ipsc
1013 3266 1172 3322 aedificave-

70 3336 132 3394 ret,
157 3328 209 3379 iilis
232 3328 408 3398 supplicatim
431 3330 585 3382 contritione
607 3331 694 3382 cordis
718 3342 747 3383 et
767 3330 900 3399 suspiriis,
924 3349 957 3386 ne
979 3335 1051 3404 prius
1068 3336 1172 3390 videret

69 3405 180 3451 mortem
207 3414 280 3465 ‹puem
305 3397 461 3464 Tephricurn
488 3398 568 3450 exitio
593 3398 715 3451 dedisset„
750 3399 835 3468 Atque
857 3417 946 3454 rursus
967 3403 1093 3457 adversus
1114 3422 1171 3458 eun

71 3465 246 3536 proficiscitur
264 3483 319 3517 cunt
337 3467 452 3518 maximis
468 3467 567 3548 copiis,
593 3467 740 3549 vastitatem
756 3485 873 3552 prpgnunt
889 3469 1011 3555 inserens.
1030 3473 1076 3555 ⁸ln
1097 3474 1172 3528 euius

71 3534 677 3670 {tunitii}2.t.².{!.⁰..s.‘²i¹.¹ttt.¹tzit¹5
689 3538 1175 3673 .‘.?.‘Jt¹''.'t.;:..t⁰⁸.¹:'..⁸‘.⁰.¹.i²tit}

74 3672 133 3724 eius
157 3671 268 3739 ipsorum
292 3689 371 3725 censo
393 3671 515 3724 divinitus
532 3674 628 3726 iactum
646 3673 831 3729 existimarent.
866 3680 957 3740 Quare
973 3679 1017 3731 elii
1035 3697 1122 3733 eorum
1140 3679 1175 3732 ed

72 3741 255 3809 imperatorem
273 3757 301 3794 se
319 3741 481 3794 contulerunt
498 3741 697 3795 misericordiam
716 3754 840 3808 orantes,
868 3747 912 3798 aiii
934 3748 962 3800 in
983 3748 1097 3800 intiment
1122 3751 1175 3818 Sy-

73 3810 141 3864 riam
159 3809 314 3876 migrarunt,
341 3819 371 3863 ut
387 3810 426 3862 sic
443 3809 562 3877 utrinque
579 3813 641 3864 urbs
658 3829 762 3877 eorum,
780 3817 813 3866 ab
831 3817 976 3869 hominibus
992 3817 1112 3881 deserto,
1128 3834 1176 3870 vu·

75 3878 231 3941 cua-fieret,
248 3896 314 3946 quse
331 3880 438 3932 subectn
457 3886 496 3930 est
513 3882 579 3932 duce
596 3880 652 3933 eius
669 3883 844 3952 chrysoclrirc
860 3884 886 3936 in
904 3892 1030 3937 terrorem
1049 3886 1174 3939 coniecto.

145 3947 200 3998 iste
218 3947 283 3999 eninr
300 3950 374 4012 iromo
391 3949 501 4000 insoleus
518 3965 575 4000 curn
595 3950 697 4003 Cerberi
715 3959 743 4004 et
759 3953 868 4005 Ceiiisto
887 3953 994 4023 plurimo
1011 3953 1079 4007 mnia
1095 3954 1174 4008 curi-

74 4016 170 4069 stianis
186 4015 286 4079 intulit,
301 4017 368 4069 sicut
385 4024 413 4070 et
429 4017 483 4070 eius
502 4025 593 4085 puter,
609 4027 688 4086 etque
704 4021 883 4074 Nicomediam
899 4039 982 4090 usque
999 4038 1030 4074 sc
1048 4021 1174 4078 Nicaeum

75 4085 943 4225 iiztm.n⁰.i⁰.‘i¹¹⁸;‚.tt:.i¹'‘³tt't:¹.'¹⁰t.i.³‚t?.‘itu”suffiri
954 4090 1174 4217 iiim.

76 4221 277 4276 introduxerunt
299 4241 377 4293 equos
396 4239 457 4276 suos
474 4230 502 4276 et
518 4222 715 4293 impedimenta,
738 4179 868 4280 Ιιίίοῑίίὶιετ
892 4227 1054 4284 insultantes.
1086 4231 1175 4301 Igitur

77 4289 112 4342 eti
130 4291 328 4360 Chrysoohirern
345 4293 435 4348 scribit
450 4293 592 4364 inperator
609 4295 679 4365 pacis
694 4297 887 4369 conponendae
903 4314 990 4369 οεαεε,
1007 4305 1038 4355 ot
1053 4301 1099 4372 qui
1115 4305 1172 4356 ersi
