<?xml version="1.0" encoding="UTF-8"?>
<!DOCTYPE html PUBLIC "-//W3C//DTD XHTML 1.0 Transitional//EN"
    "http://www.w3.org/TR/xhtml1/DTD/xhtml1-transitional.dtd">
<html xmlns="http://www.w3.org/1999/xhtml" xml:lang="en" lang="en">
 <head>
  <title>
</title>
<meta http-equiv="Content-Type" content="text/html;charset=utf-8" />
  <meta name='ocr-system' content='tesseract 3.04.00' />
  <meta name='ocr-capabilities' content='ocr_page ocr_carea ocr_par ocr_line ocrx_word'/>
</head>
<body>
  <div class='ocr_page' id='page_1' title='image "./corpusscriptoru51theogoog/corpusscriptoru51theogoog_0294.png"; bbox 0 0 2817 4742; ppageno 0'>
   <div class='ocr_carea' id='block_1_1' title="bbox 262 316 973 388">
    <p class='ocr_par' dir='ltr' id='par_1_1' title="bbox 262 316 973 388">
     <span class='ocr_line' id='line_1_1' title="bbox 262 316 973 388; baseline -0.006 0"><span class='ocrx_word' id='word_1_1' title='bbox 262 318 336 388; x_wconf 72' lang='lat'><strong><em>260</em></strong></span> <span class='ocrx_word' id='word_1_2' title='bbox 649 316 973 385; x_wconf 78' lang='lat' dir='ltr'>THEOPHYLACTI</span> 
     </span>
    </p>
   </div>
   <div class='ocr_carea' id='block_1_2' title="bbox 150 481 1394 4207">
    <p class='ocr_par' dir='ltr' id='par_1_2' title="bbox 150 481 1385 1605">
     <span class='ocr_line' id='line_1_2' title="bbox 260 481 1356 573; baseline -0.005 -17"><span class='ocrx_word' id='word_1_3' title='bbox 260 514 294 556; x_wconf 83' lang='grc' dir='ltr'><strong><em>τε</em></strong></span> <span class='ocrx_word' id='word_1_4' title='bbox 319 482 464 570; x_wconf 88' lang='grc' dir='ltr'><strong><em>δυνάμεις</em></strong></span> <span class='ocrx_word' id='word_1_5' title='bbox 486 482 503 552; x_wconf 83' lang='grc' dir='ltr'><strong>ὃ</strong></span> <span class='ocrx_word' id='word_1_6' title='bbox 521 485 693 573; x_wconf 87' lang='grc' dir='ltr'><strong><em>στρατηγὸς</em></strong></span> <span class='ocrx_word' id='word_1_7' title='bbox 711 483 991 571; x_wconf 86' lang='grc' dir='ltr'><strong><em>διεπορθμεῦοατο.</em></strong></span> <span class='ocrx_word' id='word_1_8' title='bbox 1042 486 1146 553; x_wconf 87' lang='grc' dir='ltr'><strong><em>τοίνυν</em></strong></span> <span class='ocrx_word' id='word_1_9' title='bbox 1168 486 1199 550; x_wconf 88' lang='lat' dir='ltr'><strong><em>oi</em></strong></span> <span class='ocrx_word' id='word_1_10' title='bbox 1213 481 1356 567; x_wconf 73' lang='grc' dir='ltr'><strong><em>Ῥωμαῖοι</em></strong></span> 
     </span>
     <span class='ocr_line' id='line_1_3' title="bbox 261 586 1355 679; baseline -0.002 -22"><span class='ocrx_word' id='word_1_11' title='bbox 261 589 564 679; x_wconf 69' lang='grc' dir='ltr'><strong><em>φρονηματισθέντες</em></strong></span> <span class='ocrx_word' id='word_1_12' title='bbox 583 590 632 653; x_wconf 73' lang='grc' dir='ltr'><strong><em>ἐπὶ</em></strong></span> <span class='ocrx_word' id='word_1_13' title='bbox 655 600 720 667; x_wconf 79' lang='grc' dir='ltr'><strong><em>τοῖς</em></strong></span> <span class='ocrx_word' id='word_1_14' title='bbox 741 586 950 675; x_wconf 79' lang='grc' dir='ltr'><strong><em>ουγκυρῆοασι</em></strong></span> <span class='ocrx_word' id='word_1_15' title='bbox 977 589 1055 675; x_wconf 85' lang='grc' dir='ltr'><strong><em>πρδς</em></strong></span> <span class='ocrx_word' id='word_1_16' title='bbox 1076 588 1197 674; x_wconf 75' lang='grc' dir='ltr'><strong><em>τροφὴν</em></strong></span> <span class='ocrx_word' id='word_1_17' title='bbox 1219 591 1355 655; x_wconf 76' lang='grc' dir='ltr'><strong><em>κατειλί-</em></strong></span> 
     </span>
     <span class='ocr_line' id='line_1_4' title="bbox 262 688 1355 781; baseline -0.006 -19"><span class='ocrx_word' id='word_1_18' title='bbox 262 717 382 762; x_wconf 33' lang='grc' dir='ltr'><strong><em>νοντο.ι-</em></strong></span> <span class='ocrx_word' id='word_1_19' title='bbox 414 689 477 758; x_wconf 78' lang='grc' dir='ltr'><strong><em>εἶτα</em></strong></span> <span class='ocrx_word' id='word_1_20' title='bbox 499 699 538 778; x_wconf 83' lang='grc' dir='ltr'><strong><em>τῇ</em></strong></span> <span class='ocrx_word' id='word_1_21' title='bbox 561 692 647 779; x_wconf 74' lang='grc' dir='ltr'><strong><em>μέθῃ</em></strong></span> <span class='ocrx_word' id='word_1_22' title='bbox 667 688 913 778; x_wconf 89' lang='grc' dir='ltr'><strong><em>συρράπτονται,</em></strong></span> <span class='ocrx_word' id='word_1_23' title='bbox 941 696 991 760; x_wconf 76' lang='grc' dir='ltr'><strong><em>καί</em></strong></span> <span class='ocrx_word' id='word_1_24' title='bbox 1015 700 1055 779; x_wconf 80' lang='grc' dir='ltr'><strong><em>τῇ</em></strong></span> <span class='ocrx_word' id='word_1_25' title='bbox 1076 693 1222 781; x_wconf 78' lang='grc' dir='ltr'><strong><em>παροινίρ</em></strong></span> <span class='ocrx_word' id='word_1_26' title='bbox 1234 692 1296 768; x_wconf 83' lang='grc' dir='ltr'><strong><em>τὰς</em></strong></span> <span class='ocrx_word' id='word_1_27' title='bbox 1309 692 1355 757; x_wconf 85' lang='grc' dir='ltr'><strong><em>εῦ-</em></strong></span> 
     </span>
     <span class='ocr_line' id='line_1_5' title="bbox 263 791 1355 881; baseline -0.003 -20"><span class='ocrx_word' id='word_1_28' title='bbox 263 796 394 880; x_wconf 81' lang='grc' dir='ltr'><strong><em>πραξίας</em></strong></span> <span class='ocrx_word' id='word_1_29' title='bbox 417 793 625 870; x_wconf 84' lang='grc' dir='ltr'><strong><em>νοθεάοαντες</em></strong></span> <span class='ocrx_word' id='word_1_30' title='bbox 643 803 699 879; x_wconf 80' lang='grc' dir='ltr'><strong><em>τῆς</em></strong></span> <span class='ocrx_word' id='word_1_31' title='bbox 719 798 911 881; x_wconf 84' lang='grc' dir='ltr'><strong><em>διαφρουράς</em></strong></span> <span class='ocrx_word' id='word_1_32' title='bbox 930 798 1162 880; x_wconf 85' lang='grc' dir='ltr'><strong><em>κατημέλησαν,</em></strong></span> <span class='ocrx_word' id='word_1_33' title='bbox 1191 793 1233 879; x_wconf 80' lang='grc' dir='ltr'><strong><em>ἢν</em></strong></span> <span class='ocrx_word' id='word_1_34' title='bbox 1245 791 1355 861; x_wconf 75' lang='lat' dir='ltr'><strong>exorit-</strong></span> 
     </span>
     <span class='ocr_line' id='line_1_6' title="bbox 262 896 1374 986; baseline -0.004 -21"><span class='ocrx_word' id='word_1_35' title='bbox 262 925 321 965; x_wconf 90' lang='grc' dir='ltr'><strong><em>καν</em></strong></span> <span class='ocrx_word' id='word_1_36' title='bbox 336 898 470 982; x_wconf 82' lang='grc' dir='ltr'><strong><em>ουνηθές</em></strong></span> <span class='ocrx_word' id='word_1_37' title='bbox 484 906 523 985; x_wconf 83' lang='grc' dir='ltr'><strong><em>τῇ</em></strong></span> <span class='ocrx_word' id='word_1_38' title='bbox 538 899 657 986; x_wconf 84' lang='grc' dir='ltr'><strong><em>πατρίῳ</em></strong></span> <span class='ocrx_word' id='word_1_39' title='bbox 673 905 761 984; x_wconf 77' lang='grc' dir='ltr'><strong><em>φωνῇ</em></strong></span> <span class='ocrx_word' id='word_1_40' title='bbox 776 896 937 981; x_wconf 86' lang='grc' dir='ltr'><strong><em>Ῥωμαίοις</em></strong></span> <span class='ocrx_word' id='word_1_41' title='bbox 957 899 1129 966; x_wconf 78' lang='grc' dir='ltr'><strong><em>ἀποκαλεῖν.</em></strong></span> <span class='ocrx_word' id='word_1_42' title='bbox 1182 896 1220 964; x_wconf 79' lang='lat' dir='ltr'><strong><em>sd</em></strong></span> <span class='ocrx_word' id='word_1_43' title='bbox 1234 898 1296 979; x_wconf 82' lang='grc' dir='ltr'><strong><em>μέν</em></strong></span> <span class='ocrx_word' id='word_1_44' title='bbox 1311 912 1374 962; x_wconf 84' lang='grc' dir='ltr'><strong><em>νε-5</em></strong></span> 
     </span>
     <span class='ocr_line' id='line_1_7' title="bbox 262 999 1354 1087; baseline -0.003 -20"><span class='ocrx_word' id='word_1_45' title='bbox 262 1002 420 1087; x_wconf 83' lang='grc' dir='ltr'><strong><em>νικημένον</em></strong></span> <span class='ocrx_word' id='word_1_46' title='bbox 441 1002 674 1087; x_wconf 69' lang='grc' dir='ltr'><strong><em>συναθροισθὲν</em></strong></span> <span class='ocrx_word' id='word_1_47' title='bbox 702 999 945 1068; x_wconf 86' lang='grc' dir='ltr'><strong><em>ἀντιταλαντεάει</em></strong></span> <span class='ocrx_word' id='word_1_48' title='bbox 963 1000 1124 1084; x_wconf 83' lang='grc' dir='ltr'><strong><em>Ῥωμαίοις</em></strong></span> <span class='ocrx_word' id='word_1_49' title='bbox 1143 1000 1202 1085; x_wconf 76' lang='grc' dir='ltr'><strong><em>τὴν</em></strong></span> <span class='ocrx_word' id='word_1_50' title='bbox 1224 1000 1354 1086; x_wconf 73' lang='grc' dir='ltr'><strong><em>ἴφοδον·</em></strong></span> 
     </span>
     <span class='ocr_line' id='line_1_8' title="bbox 259 1098 1356 1189; baseline -0.001 -20"><span class='ocrx_word' id='word_1_51' title='bbox 259 1107 309 1177; x_wconf 84' lang='grc' dir='ltr'><strong><em>καί</em></strong></span> <span class='ocrx_word' id='word_1_52' title='bbox 322 1098 360 1187; x_wconf 81' lang='grc' dir='ltr'><strong><em>ἦν</em></strong></span> <span class='ocrx_word' id='word_1_53' title='bbox 378 1103 416 1169; x_wconf 86' lang='grc' dir='ltr'><strong><em>ἀν</em></strong></span> <span class='ocrx_word' id='word_1_54' title='bbox 431 1101 449 1186; x_wconf 78' lang='grc' dir='ltr'><strong><em>ἦ</em></strong></span> <span class='ocrx_word' id='word_1_55' title='bbox 465 1103 618 1180; x_wconf 70' lang='grc' dir='ltr'><strong><em>ἀντίδοσις</em></strong></span> <span class='ocrx_word' id='word_1_56' title='bbox 626 1105 825 1188; x_wconf 83' lang='grc' dir='ltr'><strong><em>χαλεπωτέρα</em></strong></span> <span class='ocrx_word' id='word_1_57' title='bbox 839 1112 895 1189; x_wconf 79' lang='grc' dir='ltr'><strong><em>τῆς</em></strong></span> <span class='ocrx_word' id='word_1_58' title='bbox 909 1103 1084 1183; x_wconf 83' lang='grc' dir='ltr'><strong><em>έπιτεῦξεως</em></strong></span> <span class='ocrx_word' id='word_1_59' title='bbox 1091 1154 1101 1185; x_wconf 90' lang='grc'><strong><em>,</em></strong></span> <span class='ocrx_word' id='word_1_60' title='bbox 1128 1107 1155 1170; x_wconf 78' lang='grc' dir='ltr'><strong><em>ελ</em></strong></span> <span class='ocrx_word' id='word_1_61' title='bbox 1167 1104 1213 1188; x_wconf 82' lang='grc' dir='ltr'><strong><em>μὴ</em></strong></span> <span class='ocrx_word' id='word_1_62' title='bbox 1228 1104 1246 1169; x_wconf 84' lang='grc' dir='ltr'><strong><em>δ</em></strong></span> <span class='ocrx_word' id='word_1_63' title='bbox 1261 1108 1296 1169; x_wconf 87' lang='grc' dir='ltr'><strong><em>Γ</em></strong></span> <span class='ocrx_word' id='word_1_64' title='bbox 1292 1103 1356 1168; x_wconf 89' lang='grc' dir='ltr'><strong><em>ίντ-</em></strong></span> 
     </span>
     <span class='ocr_line' id='line_1_9' title="bbox 259 1201 1355 1292; baseline -0.002 -19"><span class='ocrx_word' id='word_1_65' title='bbox 259 1209 318 1287; x_wconf 87' lang='grc' dir='ltr'><strong><em>ζων</em></strong></span> <span class='ocrx_word' id='word_1_66' title='bbox 339 1205 403 1283; x_wconf 80' lang='grc' dir='ltr'><strong><em>τὰς,</em></strong></span> <span class='ocrx_word' id='word_1_67' title='bbox 414 1202 559 1289; x_wconf 86' lang='grc' dir='ltr'><strong><em>δυνάμεις</em></strong></span> <span class='ocrx_word' id='word_1_68' title='bbox 580 1207 636 1283; x_wconf 85' lang='grc' dir='ltr'><strong><em>τάς</em></strong></span> <span class='ocrx_word' id='word_1_69' title='bbox 659 1206 780 1285; x_wconf 84' lang='grc' dir='ltr'><strong><em>πεζικάς</em></strong></span> <span class='ocrx_word' id='word_1_70' title='bbox 797 1206 1057 1292; x_wconf 77' lang='grc' dir='ltr'><strong><em>περιστησάμενος</em></strong></span> <span class='ocrx_word' id='word_1_71' title='bbox 1072 1214 1128 1290; x_wconf 81' lang='grc' dir='ltr'><strong><em>τῆς</em></strong></span> <span class='ocrx_word' id='word_1_72' title='bbox 1143 1206 1249 1291; x_wconf 81' lang='grc' dir='ltr'><strong><em>μάχης</em></strong></span> <span class='ocrx_word' id='word_1_73' title='bbox 1266 1201 1355 1290; x_wconf 71' lang='grc' dir='ltr'><strong><em>ἀκρά-</em></strong></span> 
     </span>
     <span class='ocr_line' id='line_1_10' title="bbox 257 1305 1355 1399; baseline -0.005 -22"><span class='ocrx_word' id='word_1_74' title='bbox 257 1335 378 1393; x_wconf 87' lang='grc' dir='ltr'><strong><em>τηοεν.·</em></strong></span> <span class='ocrx_word' id='word_1_75' title='bbox 411 1310 444 1386; x_wconf 83' lang='grc' dir='ltr'><strong><em>έξ</em></strong></span> <span class='ocrx_word' id='word_1_76' title='bbox 466 1307 599 1375; x_wconf 70' lang='grc' dir='ltr'><strong><em>ἑωθινοῦ</em></strong></span> <span class='ocrx_word' id='word_1_77' title='bbox 622 1310 656 1373; x_wconf 79' lang='grc' dir='ltr'><strong><em>δὲ</em></strong></span> <span class='ocrx_word' id='word_1_78' title='bbox 678 1306 694 1373; x_wconf 85' lang='grc' dir='ltr'><strong><em>δ</em></strong></span> <span class='ocrx_word' id='word_1_79' title='bbox 714 1312 853 1393; x_wconf 83' lang='grc' dir='ltr'><strong><em>Πρίσκος</em></strong></span> <span class='ocrx_word' id='word_1_80' title='bbox 872 1312 944 1387; x_wconf 81' lang='grc' dir='ltr'><strong><em>τοῦς</em></strong></span> <span class='ocrx_word' id='word_1_81' title='bbox 958 1307 1177 1399; x_wconf 78' lang='grc' dir='ltr'><strong><em>φρουράρχους</em></strong></span> <span class='ocrx_word' id='word_1_82' title='bbox 1189 1305 1355 1377; x_wconf 79' lang='grc' dir='ltr'><strong><em>ἀνεσκολό-</em></strong></span> 
     </span>
     <span class='ocr_line' id='line_1_11' title="bbox 258 1409 1385 1498; baseline -0.003 -21"><span class='ocrx_word' id='word_1_83' title='bbox 258 1415 322 1493; x_wconf 84' lang='grc' dir='ltr'><strong><em>πιζε</em></strong></span> <span class='ocrx_word' id='word_1_84' title='bbox 331 1461 342 1492; x_wconf 91' lang='grc'><strong><em>,</em></strong></span> <span class='ocrx_word' id='word_1_85' title='bbox 368 1413 419 1477; x_wconf 76' lang='grc' dir='ltr'><strong><em>ναὶ</em></strong></span> <span class='ocrx_word' id='word_1_86' title='bbox 435 1412 473 1494; x_wconf 77' lang='grc' dir='ltr'><strong><em>δὴ</em></strong></span> <span class='ocrx_word' id='word_1_87' title='bbox 488 1413 542 1477; x_wconf 88' lang='grc' dir='ltr'><strong><em>καί</em></strong></span> <span class='ocrx_word' id='word_1_88' title='bbox 554 1435 638 1487; x_wconf 83' lang='grc' dir='ltr'><strong><em>τινας</em></strong></span> <span class='ocrx_word' id='word_1_89' title='bbox 655 1418 712 1478; x_wconf 84' lang='grc' dir='ltr'><strong><em>τοῦ</em></strong></span> <span class='ocrx_word' id='word_1_90' title='bbox 728 1409 883 1478; x_wconf 80' lang='grc' dir='ltr'><strong><em>ὁπλιτικοῦ</em></strong></span> <span class='ocrx_word' id='word_1_91' title='bbox 897 1422 1011 1497; x_wconf 84' lang='grc' dir='ltr'><strong><em>πικρῶς</em></strong></span> <span class='ocrx_word' id='word_1_92' title='bbox 1027 1415 1245 1498; x_wconf 73' lang='grc' dir='ltr'><strong><em>ἐμαστίγωσεν.</em></strong></span> <span class='ocrx_word' id='word_1_93' title='bbox 1281 1422 1284 1426; x_wconf 84' lang='grc'><strong>’</strong></span> <span class='ocrx_word' id='word_1_94' title='bbox 1360 1423 1385 1475; x_wconf 83' lang='lat' dir='ltr'><strong><em>to</em></strong></span> 
     </span>
     <span class='ocr_line' id='line_1_12' title="bbox 150 1503 1354 1605; baseline -0.002 -22"><span class='ocrx_word' id='word_1_95' title='bbox 150 1533 239 1591; x_wconf 69' lang='lat'><strong>1³15?</strong></span> <span class='ocrx_word' id='word_1_96' title='bbox 365 1515 422 1583; x_wconf 89' lang='grc'><strong><em>10.</em></strong></span> <span class='ocrx_word' id='word_1_97' title='bbox 469 1510 507 1581; x_wconf 88' lang='grc' dir='ltr'><strong>Ὁ</strong></span> <span class='ocrx_word' id='word_1_98' title='bbox 524 1516 569 1595; x_wconf 67' lang='grc' dir='ltr'><strong><em>1δέ</em></strong></span> <span class='ocrx_word' id='word_1_99' title='bbox 595 1503 796 1601; x_wconf 73' lang='grc' dir='ltr'><strong><em>αὐτοκράτωρ</em></strong></span> <span class='ocrx_word' id='word_1_100' title='bbox 821 1516 981 1600; x_wconf 88' lang='grc' dir='ltr'><strong><em>Τατίμερο</em></strong></span> <span class='ocrx_word' id='word_1_101' title='bbox 1001 1515 1177 1599; x_wconf 83' lang='grc' dir='ltr'><strong><em>ἀντιπέμπει</em></strong></span> <span class='ocrx_word' id='word_1_102' title='bbox 1198 1515 1280 1605; x_wconf 83' lang='grc' dir='ltr'><strong><em>πρδς</em></strong></span> <span class='ocrx_word' id='word_1_103' title='bbox 1303 1513 1354 1580; x_wconf 89' lang='grc' dir='ltr'><strong><em>τδν</em></strong></span> 
     </span>
    </p>

    <p class='ocr_par' dir='ltr' id='par_1_3' title="bbox 214 1611 1394 2323">
     <span class='ocr_line' id='line_1_13' title="bbox 214 1611 1352 1705; baseline -0.004 -20"><span class='ocrx_word' id='word_1_104' title='bbox 214 1668 216 1673; x_wconf 83' lang='lat'><em>.</em></span> <span class='ocrx_word' id='word_1_105' title='bbox 256 1617 453 1703; x_wconf 86' lang='grc' dir='ltr'><strong><em>πολέμαρχον</em></strong></span> <span class='ocrx_word' id='word_1_106' title='bbox 458 1663 469 1697; x_wconf 99' lang='grc'><strong><em>,</em></strong></span> <span class='ocrx_word' id='word_1_107' title='bbox 509 1619 684 1699; x_wconf 77' lang='grc' dir='ltr'><strong><em>βασιλείους</em></strong></span> <span class='ocrx_word' id='word_1_108' title='bbox 707 1620 834 1695; x_wconf 87' lang='grc' dir='ltr'><strong><em>δέλτους</em></strong></span> <span class='ocrx_word' id='word_1_109' title='bbox 852 1616 1085 1705; x_wconf 70' lang='grc' dir='ltr'><strong><em>ἐπιφερόμενον·</em></strong></span> <span class='ocrx_word' id='word_1_110' title='bbox 1125 1611 1222 1702; x_wconf 59' lang='lat' dir='ltr'><strong>eludi</strong></span> <span class='ocrx_word' id='word_1_111' title='bbox 1246 1616 1267 1704; x_wconf 82' lang='grc' dir='ltr'><strong><em>ἧ</em></strong></span> <span class='ocrx_word' id='word_1_112' title='bbox 1293 1623 1352 1684; x_wconf 88' lang='grc' dir='ltr'><strong><em>τιῦν</em></strong></span> 
     </span>
     <span class='ocr_line' id='line_1_14' title="bbox 256 1716 1353 1807; baseline -0.002 -20"><span class='ocrx_word' id='word_1_113' title='bbox 256 1720 371 1788; x_wconf 85' lang='grc' dir='ltr'><strong><em>δέλτων</em></strong></span> <span class='ocrx_word' id='word_1_114' title='bbox 386 1720 511 1798; x_wconf 78' lang='grc' dir='ltr'><strong><em>ἀξίωσις</em></strong></span> <span class='ocrx_word' id='word_1_115' title='bbox 525 1720 581 1803; x_wconf 83' lang='grc' dir='ltr'><strong><em>τὴν</em></strong></span> <span class='ocrx_word' id='word_1_116' title='bbox 592 1722 745 1807; x_wconf 74' lang='grc' dir='ltr'><strong><em>χειμέριον</em></strong></span> <span class='ocrx_word' id='word_1_117' title='bbox 764 1719 849 1806; x_wconf 79' lang='grc' dir='ltr'><strong><em>ὥραν</em></strong></span> <span class='ocrx_word' id='word_1_118' title='bbox 867 1719 981 1788; x_wconf 86' lang='grc' dir='ltr'><strong><em>αάτάθι</em></strong></span> <span class='ocrx_word' id='word_1_119' title='bbox 997 1721 1071 1797; x_wconf 81' lang='grc' dir='ltr'><strong><em>τοῦς</em></strong></span> <span class='ocrx_word' id='word_1_120' title='bbox 1079 1716 1252 1803; x_wconf 86' lang='grc' dir='ltr'><strong><em>Ῥωμαίους</em></strong></span> <span class='ocrx_word' id='word_1_121' title='bbox 1265 1717 1353 1802; x_wconf 66' lang='lat' dir='ltr'><strong>noar}-</strong></span> 
     </span>
     <span class='ocr_line' id='line_1_15' title="bbox 256 1820 1352 1911; baseline -0.003 -21"><span class='ocrx_word' id='word_1_122' title='bbox 256 1829 388 1891; x_wconf 87' lang='grc' dir='ltr'><strong><em>σοσθαι.</em></strong></span> <span class='ocrx_word' id='word_1_123' title='bbox 440 1820 681 1909; x_wconf 68' lang='grc' dir='ltr'><strong><em>παραγεγονότος</em></strong></span> <span class='ocrx_word' id='word_1_124' title='bbox 693 1827 796 1891; x_wconf 86' lang='grc' dir='ltr'><strong><em>τοίνυν</em></strong></span> <span class='ocrx_word' id='word_1_125' title='bbox 815 1832 870 1891; x_wconf 86' lang='grc' dir='ltr'><strong><em>τοῦ</em></strong></span> <span class='ocrx_word' id='word_1_126' title='bbox 888 1826 1024 1911; x_wconf 83' lang='grc' dir='ltr'><strong><em>Τατίμερ</em></strong></span> <span class='ocrx_word' id='word_1_127' title='bbox 1040 1826 1169 1890; x_wconf 80' lang='grc' dir='ltr'><strong><em>καὶτῶν</em></strong></span> <span class='ocrx_word' id='word_1_128' title='bbox 1184 1829 1352 1905; x_wconf 80' lang='grc' dir='ltr'><strong><em>βασιλικῶν</em></strong></span> 
     </span>
     <span class='ocr_line' id='line_1_16' title="bbox 254 1923 1382 2015; baseline -0.004 -20"><span class='ocrx_word' id='word_1_129' title='bbox 254 1925 487 2013; x_wconf 78' lang='grc' dir='ltr'><strong><em>γνωρισθέντων</em></strong></span> <span class='ocrx_word' id='word_1_130' title='bbox 518 1928 644 2012; x_wconf 87' lang='grc' dir='ltr'><strong><em>λογίων,</em></strong></span> <span class='ocrx_word' id='word_1_131' title='bbox 676 1925 814 2012; x_wconf 82' lang='grc' dir='ltr'><strong><em>θράλλος</em></strong></span> <span class='ocrx_word' id='word_1_132' title='bbox 846 1925 1020 2014; x_wconf 85' lang='grc' dir='ltr'><strong><em>ῦφάπτεται</em></strong></span> <span class='ocrx_word' id='word_1_133' title='bbox 1058 1933 1103 2015; x_wconf 75' lang='grc' dir='ltr'><strong><em>τῷ</em></strong></span> <span class='ocrx_word' id='word_1_134' title='bbox 1133 1923 1382 2012; x_wconf 75' lang='grc' dir='ltr'><strong><em>οτρατεάματι.15</em></strong></span> 
     </span>
     <span class='ocr_line' id='line_1_17' title="bbox 256 2025 1351 2115; baseline -0.001 -21"><span class='ocrx_word' id='word_1_135' title='bbox 256 2025 490 2108; x_wconf 80' lang='grc' dir='ltr'><strong><em>καταστασιάζει</em></strong></span> <span class='ocrx_word' id='word_1_136' title='bbox 518 2032 620 2096; x_wconf 87' lang='grc' dir='ltr'><strong><em>τοίνυν</em></strong></span> <span class='ocrx_word' id='word_1_137' title='bbox 652 2027 846 2115; x_wconf 79' lang='grc' dir='ltr'><strong><em>ἦῬωμαίων</em></strong></span> <span class='ocrx_word' id='word_1_138' title='bbox 872 2027 1015 2114; x_wconf 81' lang='grc' dir='ltr'><strong><em>πληθάς,</em></strong></span> <span class='ocrx_word' id='word_1_139' title='bbox 1049 2030 1261 2115; x_wconf 71' lang='grc' dir='ltr'><strong><em>παρωσαμένη</em></strong></span> <span class='ocrx_word' id='word_1_140' title='bbox 1282 2028 1351 2103; x_wconf 81' lang='grc' dir='ltr'><strong><em>τοῦς</em></strong></span> 
     </span>
     <span class='ocr_line' id='line_1_18' title="bbox 255 2129 1350 2220; baseline -0.001 -23"><span class='ocrx_word' id='word_1_141' title='bbox 255 2129 366 2216; x_wconf 84' lang='grc' dir='ltr'><strong><em>λάγους</em></strong></span> <span class='ocrx_word' id='word_1_142' title='bbox 387 2139 443 2197; x_wconf 80' lang='grc' dir='ltr'><strong><em>τοῦ</em></strong></span> <span class='ocrx_word' id='word_1_143' title='bbox 467 2130 714 2220; x_wconf 87' lang='grc' dir='ltr'><strong><em>αῦτοκράτορος,</em></strong></span> <span class='ocrx_word' id='word_1_144' title='bbox 743 2133 820 2199; x_wconf 73' lang='grc' dir='ltr'><strong><em>οἴκοι</em></strong></span> <span class='ocrx_word' id='word_1_145' title='bbox 839 2160 871 2201; x_wconf 84' lang='grc' dir='ltr'><strong><em>τε</em></strong></span> <span class='ocrx_word' id='word_1_146' title='bbox 895 2135 952 2218; x_wconf 72' lang='grc' dir='ltr'><strong><em>τὴν</em></strong></span> <span class='ocrx_word' id='word_1_147' title='bbox 969 2140 1024 2200; x_wconf 91' lang='grc' dir='ltr'><strong><em>τοῦ</em></strong></span> <span class='ocrx_word' id='word_1_148' title='bbox 1045 2130 1167 2216; x_wconf 82' lang='grc' dir='ltr'><strong><em>ψάχους</em></strong></span> <span class='ocrx_word' id='word_1_149' title='bbox 1182 2133 1272 2219; x_wconf 80' lang='grc' dir='ltr'><strong><em>ὥραν</em></strong></span> <span class='ocrx_word' id='word_1_150' title='bbox 1290 2134 1350 2197; x_wconf 75' lang='grc' dir='ltr'><strong><em>ἓνε-</em></strong></span> 
     </span>
     <span class='ocr_line' id='line_1_19' title="bbox 251 2230 1394 2323; baseline -0.002 -23"><span class='ocrx_word' id='word_1_151' title='bbox 251 2236 343 2320; x_wconf 83' lang='grc' dir='ltr'><strong><em>χείρει</em></strong></span> <span class='ocrx_word' id='word_1_152' title='bbox 358 2230 569 2317; x_wconf 78' lang='grc' dir='ltr'><strong><em>ποιήσασθαι·</em></strong></span> <span class='ocrx_word' id='word_1_153' title='bbox 597 2235 632 2301; x_wconf 85' lang='grc' dir='ltr'><strong><em>οῦ</em></strong></span> <span class='ocrx_word' id='word_1_154' title='bbox 647 2237 705 2322; x_wconf 88' lang='grc' dir='ltr'><strong><em>γάρ</em></strong></span> <span class='ocrx_word' id='word_1_155' title='bbox 719 2236 768 2302; x_wconf 77' lang='lat' dir='ltr'><strong><em>tut</em></strong></span> <span class='ocrx_word' id='word_1_156' title='bbox 780 2233 944 2323; x_wconf 77' lang='grc' dir='ltr'><strong><em>βαρβάρου</em></strong></span> <span class='ocrx_word' id='word_1_157' title='bbox 955 2244 1013 2323; x_wconf 82' lang='grc' dir='ltr'><strong><em>γῆς</em></strong></span> <span class='ocrx_word' id='word_1_158' title='bbox 1023 2234 1254 2315; x_wconf 77' lang='grc' dir='ltr'><strong><em>ἔναυλίζεσθαι·</em></strong></span> <span class='ocrx_word' id='word_1_159' title='bbox 1273 2234 1350 2322; x_wconf 71' lang='grc' dir='ltr'><strong><em>ἔφα·</em></strong></span> <span class='ocrx_word' id='word_1_160' title='bbox 1393 2251 1394 2318; x_wconf 31' lang='grc' dir='ltr'>ᾗ</span> 
     </span>
    </p>

    <p class='ocr_par' dir='ltr' id='par_1_4' title="bbox 215 2327 1394 2829">
     <span class='ocr_line' id='line_1_20' title="bbox 215 2327 1394 2424; baseline -0.003 -19"><span class='ocrx_word' id='word_1_161' title='bbox 215 2354 329 2405; x_wconf 84' lang='grc' dir='ltr'><strong><em>Βσκον</em></strong></span> <span class='ocrx_word' id='word_1_162' title='bbox 351 2337 411 2423; x_wconf 88' lang='grc' dir='ltr'><strong><em>γάρ</em></strong></span> <span class='ocrx_word' id='word_1_163' title='bbox 435 2335 520 2421; x_wconf 78' lang='grc' dir='ltr'><strong><em>ψύχη</em></strong></span> <span class='ocrx_word' id='word_1_164' title='bbox 543 2335 661 2405; x_wconf 80' lang='grc' dir='ltr'><strong><em>ἀπεῖναι</em></strong></span> <span class='ocrx_word' id='word_1_165' title='bbox 690 2339 945 2424; x_wconf 87' lang='grc' dir='ltr'><strong><em>δυουπομάνητα,</em></strong></span> <span class='ocrx_word' id='word_1_166' title='bbox 977 2336 1018 2406; x_wconf 87' lang='grc' dir='ltr'><strong><em>τά</em></strong></span> <span class='ocrx_word' id='word_1_167' title='bbox 1040 2364 1073 2404; x_wconf 89' lang='grc' dir='ltr'><strong><em>τε</em></strong></span> <span class='ocrx_word' id='word_1_168' title='bbox 1094 2345 1157 2405; x_wconf 79' lang='grc' dir='ltr'><strong><em>τῶν</em></strong></span> <span class='ocrx_word' id='word_1_169' title='bbox 1178 2336 1349 2424; x_wconf 85' lang='grc' dir='ltr'><strong><em>βαρβάρων</em></strong></span> <span class='ocrx_word' id='word_1_170' title='bbox 1393 2327 1394 2332; x_wconf 24' lang='lat'>¹</span> 
     </span>
     <span class='ocr_line' id='line_1_21' title="bbox 253 2436 1379 2529; baseline -0.001 -24"><span class='ocrx_word' id='word_1_171' title='bbox 253 2438 363 2525; x_wconf 77' lang='grc' dir='ltr'><strong><em>πλήθη</em></strong></span> <span class='ocrx_word' id='word_1_172' title='bbox 388 2436 631 2525; x_wconf 85' lang='grc' dir='ltr'><strong><em>ἀκαταγάνιστα.</em></strong></span> <span class='ocrx_word' id='word_1_173' title='bbox 685 2438 702 2507; x_wconf 82' lang='grc' dir='ltr'><em>ὃ</em></span> <span class='ocrx_word' id='word_1_174' title='bbox 727 2443 761 2507; x_wconf 85' lang='grc' dir='ltr'><strong><em>δέ</em></strong></span> <span class='ocrx_word' id='word_1_175' title='bbox 781 2442 952 2529; x_wconf 77' lang='grc' dir='ltr'><strong><em>στρατηγὸς</em></strong></span> <span class='ocrx_word' id='word_1_176' title='bbox 966 2444 1141 2507; x_wconf 74' lang='grc' dir='ltr'><strong><em>πειθοῖκαὶ</em></strong></span> <span class='ocrx_word' id='word_1_177' title='bbox 1155 2446 1379 2528; x_wconf 74' lang='grc' dir='ltr'><strong><em>τακτικῇτῆςίθ</em></strong></span> 
     </span>
     <span class='ocr_line' id='line_1_22' title="bbox 254 2537 1346 2627; baseline -0.001 -21"><span class='ocrx_word' id='word_1_178' title='bbox 254 2550 402 2625; x_wconf 84' lang='grc' dir='ltr'><strong><em>στρατιᾶς</em></strong></span> <span class='ocrx_word' id='word_1_179' title='bbox 423 2543 458 2607; x_wconf 88' lang='grc' dir='ltr'><strong><em>τδ</em></strong></span> <span class='ocrx_word' id='word_1_180' title='bbox 482 2541 625 2625; x_wconf 77' lang='grc' dir='ltr'><strong><em>δυσήνιον</em></strong></span> <span class='ocrx_word' id='word_1_181' title='bbox 645 2540 869 2625; x_wconf 86' lang='grc' dir='ltr'><strong><em>ῦπεμάλαττεν.</em></strong></span> <span class='ocrx_word' id='word_1_182' title='bbox 921 2547 982 2610; x_wconf 72' lang='lat' dir='ltr'><strong>luel</strong></span> <span class='ocrx_word' id='word_1_183' title='bbox 999 2547 1033 2609; x_wconf 78' lang='grc' dir='ltr'><strong><em>δέ</em></strong></span> <span class='ocrx_word' id='word_1_184' title='bbox 1045 2548 1178 2627; x_wconf 87' lang='grc' dir='ltr'><strong><em>γίνονται</em></strong></span> <span class='ocrx_word' id='word_1_185' title='bbox 1198 2545 1233 2608; x_wconf 82' lang='lat' dir='ltr'><strong><em>ni</em></strong></span> <span class='ocrx_word' id='word_1_186' title='bbox 1255 2537 1346 2607; x_wconf 85' lang='grc' dir='ltr'><strong><em>δυνά-</em></strong></span> 
     </span>
     <span class='ocr_line' id='line_1_23' title="bbox 252 2639 1347 2731; baseline 0.002 -24"><span class='ocrx_word' id='word_1_187' title='bbox 252 2667 320 2726; x_wconf 87' lang='grc' dir='ltr'><strong><em>μεις</em></strong></span> <span class='ocrx_word' id='word_1_188' title='bbox 342 2639 512 2723; x_wconf 65' lang='lat' dir='ltr'><strong>asculana,</strong></span> <span class='ocrx_word' id='word_1_189' title='bbox 535 2646 582 2707; x_wconf 74' lang='lat' dir='ltr'><strong><em>tut</em></strong></span> <span class='ocrx_word' id='word_1_190' title='bbox 606 2644 771 2730; x_wconf 88' lang='grc' dir='ltr'><strong><em>βαρβάρου</em></strong></span> <span class='ocrx_word' id='word_1_191' title='bbox 790 2654 847 2731; x_wconf 79' lang='grc' dir='ltr'><strong><em>γῆς</em></strong></span> <span class='ocrx_word' id='word_1_192' title='bbox 872 2644 888 2711; x_wconf 85' lang='grc' dir='ltr'><strong><em>δ</em></strong></span> <span class='ocrx_word' id='word_1_193' title='bbox 909 2654 971 2711; x_wconf 83' lang='grc' dir='ltr'><strong><em>τῶν</em></strong></span> <span class='ocrx_word' id='word_1_194' title='bbox 985 2642 1144 2727; x_wconf 81' lang='grc' dir='ltr'><strong><em>Ῥωμαίων</em></strong></span> <span class='ocrx_word' id='word_1_195' title='bbox 1157 2645 1347 2731; x_wconf 80' lang='grc' dir='ltr'><strong><em>πολέμαρχος</em></strong></span> 
     </span>
     <span class='ocr_line' id='line_1_24' title="bbox 251 2741 582 2829; baseline 0.003 -18"><span class='ocrx_word' id='word_1_196' title='bbox 251 2741 369 2811; x_wconf 83' lang='grc' dir='ltr'><strong><em>διαλῦει</em></strong></span> <span class='ocrx_word' id='word_1_197' title='bbox 383 2745 436 2810; x_wconf 85' lang='grc' dir='ltr'><strong><em>τάν</em></strong></span> <span class='ocrx_word' id='word_1_198' title='bbox 448 2743 582 2829; x_wconf 85' lang='grc' dir='ltr'><strong><em>χάρακα.</em></strong></span> 
     </span>
    </p>

    <p class='ocr_par' dir='ltr' id='par_1_5' title="bbox 294 2845 1344 2940">
     <span class='ocr_line' id='line_1_25' title="bbox 294 2845 1344 2940; baseline -0.002 -26"><span class='ocrx_word' id='word_1_199' title='bbox 294 2857 297 2865; x_wconf 94' lang='grc'>’</span> <span class='ocrx_word' id='word_1_200' title='bbox 351 2848 401 2914; x_wconf 85' lang='grc' dir='ltr'><strong><em>Ἐν</em></strong></span> <span class='ocrx_word' id='word_1_201' title='bbox 414 2845 543 2924; x_wconf 81' lang='grc' dir='ltr'><strong><em>ταύταις</em></strong></span> <span class='ocrx_word' id='word_1_202' title='bbox 556 2856 720 2935; x_wconf 80' lang='grc' dir='ltr'><strong><em>τοιγαροῦν</em></strong></span> <span class='ocrx_word' id='word_1_203' title='bbox 732 2859 802 2925; x_wconf 79' lang='grc' dir='ltr'><strong><em>ταῖς</em></strong></span> <span class='ocrx_word' id='word_1_204' title='bbox 814 2846 941 2936; x_wconf 75' lang='grc' dir='ltr'><strong><em>ἧμέραις</em></strong></span> <span class='ocrx_word' id='word_1_205' title='bbox 952 2850 1024 2940; x_wconf 79' lang='grc' dir='ltr'><strong><em>θείην</em></strong></span> <span class='ocrx_word' id='word_1_206' title='bbox 1036 2849 1176 2933; x_wconf 87' lang='grc' dir='ltr'><strong><em>φροντίδι</em></strong></span> <span class='ocrx_word' id='word_1_207' title='bbox 1189 2850 1247 2915; x_wconf 77' lang='grc' dir='ltr'><strong><em>τινί</em></strong></span> <span class='ocrx_word' id='word_1_208' title='bbox 1264 2847 1282 2915; x_wconf 80' lang='grc' dir='ltr'><strong><em>ὃ</em></strong></span> <span class='ocrx_word' id='word_1_209' title='bbox 1295 2848 1344 2914; x_wconf 82' lang='grc' dir='ltr'><strong><em>τὸν</em></strong></span> 
     </span>
    </p>

    <p class='ocr_par' dir='ltr' id='par_1_6' title="bbox 247 2944 1374 4207">
     <span class='ocr_line' id='line_1_26' title="bbox 253 2944 1374 3037; baseline 0.002 -23"><span class='ocrx_word' id='word_1_210' title='bbox 253 2944 349 3037; x_wconf 82' lang='grc' dir='ltr'><strong><em>φόνον</em></strong></span> <span class='ocrx_word' id='word_1_211' title='bbox 364 2952 421 3013; x_wconf 74' lang='grc' dir='ltr'><strong><em>,ἐπὶ</em></strong></span> <span class='ocrx_word' id='word_1_212' title='bbox 444 2953 501 3032; x_wconf 78' lang='grc' dir='ltr'><strong><em>τὴν</em></strong></span> <span class='ocrx_word' id='word_1_213' title='bbox 519 2953 677 3037; x_wconf 85' lang='grc' dir='ltr'><strong><em>Ἀγχίαλον</em></strong></span> <span class='ocrx_word' id='word_1_214' title='bbox 698 2951 920 3037; x_wconf 83' lang='grc' dir='ltr'><strong><em>ποιησάμενος,</em></strong></span> <span class='ocrx_word' id='word_1_215' title='bbox 948 2951 999 3018; x_wconf 79' lang='grc' dir='ltr'><strong><em>ὅτε</em></strong></span> <span class='ocrx_word' id='word_1_216' title='bbox 1017 2958 1073 3035; x_wconf 75' lang='grc' dir='ltr'><strong><em>τῆς</em></strong></span> <span class='ocrx_word' id='word_1_217' title='bbox 1090 2948 1207 3037; x_wconf 78' lang='grc' dir='ltr'><strong><em>ἐλάφου</em></strong></span> <span class='ocrx_word' id='word_1_218' title='bbox 1224 2958 1374 3018; x_wconf 65' lang='lat' dir='ltr'><strong>nonore</strong></span> 
     </span>
     <span class='ocr_line' id='line_1_27' title="bbox 251 3109 1344 3179; baseline 0 -14"><span class='ocrx_word' id='word_1_219' title='bbox 251 3110 304 3165; x_wconf 89' lang='lat' dir='ltr'><strong>diei</strong></span> <span class='ocrx_word' id='word_1_220' title='bbox 321 3111 385 3165; x_wconf 87' lang='lat' dir='ltr'><strong>hora</strong></span> <span class='ocrx_word' id='word_1_221' title='bbox 402 3109 481 3163; x_wconf 82' lang='lat' dir='ltr'><strong>tertia</strong></span> <span class='ocrx_word' id='word_1_222' title='bbox 498 3112 619 3179; x_wconf 79' lang='lat' dir='ltr'><strong>praedam</strong></span> <span class='ocrx_word' id='word_1_223' title='bbox 640 3116 667 3164; x_wconf 88' lang='lat' dir='ltr'><strong><em>et</em></strong></span> <span class='ocrx_word' id='word_1_224' title='bbox 684 3112 824 3165; x_wconf 82' lang='lat' dir='ltr'><strong>exercitum</strong></span> <span class='ocrx_word' id='word_1_225' title='bbox 842 3130 889 3179; x_wconf 88' lang='lat' dir='ltr'><strong><em>per</em></strong></span> <span class='ocrx_word' id='word_1_226' title='bbox 906 3112 1012 3165; x_wconf 83' lang='lat' dir='ltr'><strong>fluvium</strong></span> <span class='ocrx_word' id='word_1_227' title='bbox 1031 3112 1140 3165; x_wconf 86' lang='lat' dir='ltr'><strong>reducit</strong></span> <span class='ocrx_word' id='word_1_228' title='bbox 1175 3113 1284 3167; x_wconf 79' lang='lat' dir='ltr'><strong>Romani</strong></span> <span class='ocrx_word' id='word_1_229' title='bbox 1308 3113 1344 3166; x_wconf 79' lang='lat' dir='ltr'><strong>lais</strong></span> 
     </span>
     <span class='ocr_line' id='line_1_28' title="bbox 250 3181 1344 3249; baseline -0.003 -15"><span class='ocrx_word' id='word_1_230' title='bbox 250 3182 327 3235; x_wconf 88' lang='lat' dir='ltr'><strong>rebus</strong></span> <span class='ocrx_word' id='word_1_231' title='bbox 352 3182 434 3247; x_wconf 74' lang='lat' dir='ltr'><strong>gestis</strong></span> <span class='ocrx_word' id='word_1_232' title='bbox 458 3181 613 3233; x_wconf 82' lang='lat' dir='ltr'><strong>confidentia</strong></span> <span class='ocrx_word' id='word_1_233' title='bbox 637 3181 714 3245; x_wconf 83' lang='lat' dir='ltr'><strong>eluti,</strong></span> <span class='ocrx_word' id='word_1_234' title='bbox 740 3182 772 3232; x_wconf 88' lang='lat' dir='ltr'><strong>ad</strong></span> <span class='ocrx_word' id='word_1_235' title='bbox 794 3181 901 3232; x_wconf 75' lang='lat' dir='ltr'><strong>delicias</strong></span> <span class='ocrx_word' id='word_1_236' title='bbox 919 3191 946 3232; x_wconf 92' lang='lat' dir='ltr'><strong><em>et</em></strong></span> <span class='ocrx_word' id='word_1_237' title='bbox 962 3181 1175 3249; x_wconf 79' lang='lat' dir='ltr'><strong>computationem</strong></span> <span class='ocrx_word' id='word_1_238' title='bbox 1192 3193 1344 3235; x_wconf 71' lang='lat' dir='ltr'><strong>coruvertun·</strong></span> 
     </span>
     <span class='ocr_line' id='line_1_29' title="bbox 248 3248 1344 3319; baseline -0.002 -16"><span class='ocrx_word' id='word_1_239' title='bbox 248 3257 306 3312; x_wconf 87' lang='lat' dir='ltr'><strong>tur,</strong></span> <span class='ocrx_word' id='word_1_240' title='bbox 325 3248 525 3318; x_wconf 76' lang='lat' dir='ltr'><strong>felicitatemque</strong></span> <span class='ocrx_word' id='word_1_241' title='bbox 542 3267 612 3302; x_wconf 83' lang='lat' dir='ltr'><strong>suam</strong></span> <span class='ocrx_word' id='word_1_242' title='bbox 630 3250 784 3302; x_wconf 78' lang='lat' dir='ltr'><strong>lielluatioue</strong></span> <span class='ocrx_word' id='word_1_243' title='bbox 800 3259 992 3319; x_wconf 76' lang='lat' dir='ltr'>corrumpentes</span> <span class='ocrx_word' id='word_1_244' title='bbox 1008 3250 1156 3313; x_wconf 81' lang='lat' dir='ltr'><strong>custodiae,</strong></span> <span class='ocrx_word' id='word_1_245' title='bbox 1180 3267 1257 3317; x_wconf 79' lang='lat' dir='ltr'><strong>quem</strong></span> <span class='ocrx_word' id='word_1_246' title='bbox 1274 3251 1344 3303; x_wconf 86' lang='lat' dir='ltr'><strong>Scul-</strong></span> 
     </span>
     <span class='ocr_line' id='line_1_30' title="bbox 249 3318 1342 3388; baseline -0.002 -15"><span class='ocrx_word' id='word_1_247' title='bbox 249 3336 305 3373; x_wconf 82' lang='lat' dir='ltr'><strong>caro</strong></span> <span class='ocrx_word' id='word_1_248' title='bbox 324 3320 407 3388; x_wconf 83' lang='lat' dir='ltr'><strong>patrio</strong></span> <span class='ocrx_word' id='word_1_249' title='bbox 424 3336 541 3372; x_wconf 84' lang='lat' dir='ltr'><strong>serrnoue</strong></span> <span class='ocrx_word' id='word_1_250' title='bbox 558 3320 706 3381; x_wconf 83' lang='lat' dir='ltr'><strong>nominant,</strong></span> <span class='ocrx_word' id='word_1_251' title='bbox 724 3318 926 3381; x_wconf 87' lang='lat' dir='ltr'><strong>obliviscuntur,</strong></span> <span class='ocrx_word' id='word_1_252' title='bbox 949 3319 1012 3371; x_wconf 83' lang='lat' dir='ltr'><strong>victi</strong></span> <span class='ocrx_word' id='word_1_253' title='bbox 1029 3318 1155 3387; x_wconf 82' lang='lat' dir='ltr'><strong>siquidem</strong></span> <span class='ocrx_word' id='word_1_254' title='bbox 1174 3318 1286 3372; x_wconf 86' lang='lat' dir='ltr'><strong>densata</strong></span> <span class='ocrx_word' id='word_1_255' title='bbox 1302 3336 1342 3371; x_wconf 82' lang='grc' dir='ltr'><strong><em>οι·</em></strong></span> 
     </span>
     <span class='ocr_line' id='line_1_31' title="bbox 251 3388 1342 3459; baseline 0.001 -19"><span class='ocrx_word' id='word_1_256' title='bbox 251 3398 327 3443; x_wconf 75' lang='lat' dir='ltr'><strong>terra</strong></span> <span class='ocrx_word' id='word_1_257' title='bbox 350 3388 472 3445; x_wconf 84' lang='lat' dir='ltr'><strong>Romanis</strong></span> <span class='ocrx_word' id='word_1_258' title='bbox 495 3389 662 3459; x_wconf 80' lang='lat' dir='ltr'><strong>irruptionem</strong></span> <span class='ocrx_word' id='word_1_259' title='bbox 686 3388 846 3454; x_wconf 68' lang='lat' dir='ltr'><strong>rependatur</strong></span> <span class='ocrx_word' id='word_1_260' title='bbox 871 3396 1074 3457; x_wconf 68' lang='lat' dir='ltr'><strong>supernumque</strong></span> <span class='ocrx_word' id='word_1_261' title='bbox 1090 3395 1224 3455; x_wconf 79' lang='lat' dir='ltr'><strong>acceptam</strong></span> <span class='ocrx_word' id='word_1_262' title='bbox 1241 3388 1342 3441; x_wconf 84' lang='lat' dir='ltr'><strong>celeni-</strong></span> 
     </span>
     <span class='ocr_line' id='line_1_32' title="bbox 249 3456 1341 3526; baseline 0.002 -19"><span class='ocrx_word' id='word_1_263' title='bbox 249 3465 329 3510; x_wconf 81' lang='lat' dir='ltr'><strong>tatem</strong></span> <span class='ocrx_word' id='word_1_264' title='bbox 345 3456 454 3509; x_wconf 78' lang='lat' dir='ltr'><strong>vicissim</strong></span> <span class='ocrx_word' id='word_1_265' title='bbox 471 3458 544 3510; x_wconf 82' lang='lat' dir='ltr'><strong>illata</strong></span> <span class='ocrx_word' id='word_1_266' title='bbox 561 3458 683 3519; x_wconf 81' lang='lat' dir='ltr'><strong>saevitis,</strong></span> <span class='ocrx_word' id='word_1_267' title='bbox 709 3456 757 3509; x_wconf 88' lang='lat' dir='ltr'><strong>nisi</strong></span> <span class='ocrx_word' id='word_1_268' title='bbox 774 3459 865 3510; x_wconf 83' lang='lat' dir='ltr'><strong>Geuzo</strong></span> <span class='ocrx_word' id='word_1_269' title='bbox 890 3459 1006 3526; x_wconf 79' lang='lat' dir='ltr'><strong>peditatu</strong></span> <span class='ocrx_word' id='word_1_270' title='bbox 1023 3458 1189 3510; x_wconf 77' lang='lat' dir='ltr'><strong>circumfusos</strong></span> <span class='ocrx_word' id='word_1_271' title='bbox 1207 3457 1341 3526; x_wconf 73' lang='lat' dir='ltr'><strong>pugnando</strong></span> 
     </span>
     <span class='ocr_line' id='line_1_33' title="bbox 249 3524 1340 3598; baseline 0.005 -23"><span class='ocrx_word' id='word_1_272' title='bbox 249 3524 380 3593; x_wconf 73' lang='lat' dir='ltr'><strong>fregisset.</strong></span> <span class='ocrx_word' id='word_1_273' title='bbox 414 3542 488 3579; x_wconf 83' lang='lat' dir='ltr'><strong>mane</strong></span> <span class='ocrx_word' id='word_1_274' title='bbox 510 3526 613 3579; x_wconf 83' lang='lat' dir='ltr'><strong>Priscus</strong></span> <span class='ocrx_word' id='word_1_275' title='bbox 637 3525 770 3578; x_wconf 83' lang='lat' dir='ltr'><strong>custodiae</strong></span> <span class='ocrx_word' id='word_1_276' title='bbox 793 3527 939 3595; x_wconf 80' lang='lat' dir='ltr'><strong>praefectos</strong></span> <span class='ocrx_word' id='word_1_277' title='bbox 957 3526 1023 3598; x_wconf 89' lang='lat' dir='ltr'><strong>palis</strong></span> <span class='ocrx_word' id='word_1_278' title='bbox 1038 3525 1154 3589; x_wconf 83' lang='lat' dir='ltr'><strong>suffixit,</strong></span> <span class='ocrx_word' id='word_1_279' title='bbox 1178 3531 1207 3577; x_wconf 87' lang='lat' dir='ltr'><strong><em>et</em></strong></span> <span class='ocrx_word' id='word_1_280' title='bbox 1222 3528 1340 3595; x_wconf 74' lang='lat' dir='ltr'><strong>quosdam</strong></span> 
     </span>
     <span class='ocr_line' id='line_1_34' title="bbox 249 3593 846 3664; baseline 0.003 -19"><span class='ocrx_word' id='word_1_281' title='bbox 249 3593 284 3647; x_wconf 87' lang='lat' dir='ltr'><strong><em>de</em></strong></span> <span class='ocrx_word' id='word_1_282' title='bbox 301 3593 418 3647; x_wconf 87' lang='lat' dir='ltr'><strong>exercitu</strong></span> <span class='ocrx_word' id='word_1_283' title='bbox 435 3594 517 3645; x_wconf 82' lang='lat' dir='ltr'><strong>dirum</strong></span> <span class='ocrx_word' id='word_1_284' title='bbox 533 3594 560 3647; x_wconf 93' lang='lat' dir='ltr'><strong><em>in</em></strong></span> <span class='ocrx_word' id='word_1_285' title='bbox 577 3596 676 3648; x_wconf 81' lang='lat' dir='ltr'><strong>nodum</strong></span> <span class='ocrx_word' id='word_1_286' title='bbox 693 3594 846 3664; x_wconf 74' lang='lat' dir='ltr'><strong>flagellavit.</strong></span> 
     </span>
     <span class='ocr_line' id='line_1_35' title="bbox 262 3660 1340 3730; baseline -0.002 -15"><span class='ocrx_word' id='word_1_287' title='bbox 262 3684 265 3691; x_wconf 92' lang='lat'>·</span> <span class='ocrx_word' id='word_1_288' title='bbox 319 3665 361 3715; x_wconf 87' lang='lat'><strong><em>10.</em></strong></span> <span class='ocrx_word' id='word_1_289' title='bbox 396 3662 539 3730; x_wconf 82' lang='lat' dir='ltr'><strong>imperator</strong></span> <span class='ocrx_word' id='word_1_290' title='bbox 561 3664 718 3718; x_wconf 78' lang='lat' dir='ltr'><strong>Tatimerear</strong></span> <span class='ocrx_word' id='word_1_291' title='bbox 742 3665 776 3717; x_wconf 82' lang='lat' dir='ltr'><strong><em>sd</em></strong></span> <span class='ocrx_word' id='word_1_292' title='bbox 799 3680 920 3716; x_wconf 80' lang='lat' dir='ltr'><strong>sunnon</strong></span> <span class='ocrx_word' id='word_1_293' title='bbox 943 3661 1032 3717; x_wconf 88' lang='lat' dir='ltr'><strong>ducern</strong></span> <span class='ocrx_word' id='word_1_294' title='bbox 1054 3679 1111 3716; x_wconf 80' lang='lat' dir='ltr'><strong><em>eun</em></strong></span> <span class='ocrx_word' id='word_1_295' title='bbox 1133 3660 1228 3715; x_wconf 87' lang='lat' dir='ltr'><strong>litteris</strong></span> <span class='ocrx_word' id='word_1_296' title='bbox 1254 3662 1340 3725; x_wconf 79' lang='lat' dir='ltr'><strong>mittit,</strong></span> 
     </span>
     <span class='ocr_line' id='line_1_36' title="bbox 249 3730 1339 3802; baseline 0 -18"><span class='ocrx_word' id='word_1_297' title='bbox 249 3730 342 3802; x_wconf 84' lang='lat' dir='ltr'><strong>quibus</strong></span> <span class='ocrx_word' id='word_1_298' title='bbox 366 3730 500 3783; x_wconf 85' lang='lat' dir='ltr'><strong>mandatur</strong></span> <span class='ocrx_word' id='word_1_299' title='bbox 525 3739 554 3783; x_wconf 88' lang='lat' dir='ltr'><strong><em>ut</em></strong></span> <span class='ocrx_word' id='word_1_300' title='bbox 574 3733 628 3785; x_wconf 93' lang='lat' dir='ltr'><strong>illic</strong></span> <span class='ocrx_word' id='word_1_301' title='bbox 652 3731 791 3787; x_wconf 77' lang='lat' dir='ltr'><strong>exercitum</strong></span> <span class='ocrx_word' id='word_1_302' title='bbox 807 3734 835 3784; x_wconf 90' lang='lat' dir='ltr'><strong><em>iu</em></strong></span> <span class='ocrx_word' id='word_1_303' title='bbox 852 3730 964 3784; x_wconf 88' lang='lat' dir='ltr'><strong>hibernis</strong></span> <span class='ocrx_word' id='word_1_304' title='bbox 979 3731 1084 3785; x_wconf 74' lang='lat' dir='ltr'><strong>hebeat</strong></span> <span class='ocrx_word' id='word_1_305' title='bbox 1117 3730 1185 3800; x_wconf 81' lang='lat' dir='ltr'><strong>qsod</strong></span> <span class='ocrx_word' id='word_1_306' title='bbox 1203 3738 1234 3785; x_wconf 86' lang='lat' dir='ltr'><strong><em>ut</em></strong></span> <span class='ocrx_word' id='word_1_307' title='bbox 1250 3733 1339 3784; x_wconf 81' lang='lat' dir='ltr'><strong>milites</strong></span> 
     </span>
     <span class='ocr_line' id='line_1_37' title="bbox 247 3799 1339 3870; baseline -0.003 -15"><span class='ocrx_word' id='word_1_308' title='bbox 247 3808 447 3870; x_wconf 84' lang='lat' dir='ltr'><strong>compererunt,</strong></span> <span class='ocrx_word' id='word_1_309' title='bbox 469 3801 622 3855; x_wconf 87' lang='lat' dir='ltr'><strong>tumultuose</strong></span> <span class='ocrx_word' id='word_1_310' title='bbox 643 3819 676 3855; x_wconf 86' lang='lat' dir='ltr'><strong>ac</strong></span> <span class='ocrx_word' id='word_1_311' title='bbox 699 3801 822 3855; x_wconf 84' lang='lat' dir='ltr'><strong>seditiose</strong></span> <span class='ocrx_word' id='word_1_312' title='bbox 844 3800 963 3855; x_wconf 82' lang='lat' dir='ltr'><strong>mandata</strong></span> <span class='ocrx_word' id='word_1_313' title='bbox 979 3801 1133 3869; x_wconf 83' lang='lat' dir='ltr'><strong>repellentes</strong></span> <span class='ocrx_word' id='word_1_314' title='bbox 1149 3799 1218 3854; x_wconf 75' lang='lat' dir='ltr'><strong>donni</strong></span> <span class='ocrx_word' id='word_1_315' title='bbox 1236 3800 1339 3855; x_wconf 81' lang='lat' dir='ltr'><strong>hiberna</strong></span> 
     </span>
     <span class='ocr_line' id='line_1_38' title="bbox 249 3866 1338 3939; baseline -0.001 -18"><span class='ocrx_word' id='word_1_316' title='bbox 249 3869 350 3937; x_wconf 75' lang='lat' dir='ltr'><strong>agitare</strong></span> <span class='ocrx_word' id='word_1_317' title='bbox 366 3869 532 3933; x_wconf 78' lang='lat' dir='ltr'><strong>contendunt,</strong></span> <span class='ocrx_word' id='word_1_318' title='bbox 550 3869 575 3921; x_wconf 91' lang='lat' dir='ltr'><strong><em>in</em></strong></span> <span class='ocrx_word' id='word_1_319' title='bbox 592 3871 697 3939; x_wconf 76' lang='lat' dir='ltr'><strong>regione</strong></span> <span class='ocrx_word' id='word_1_320' title='bbox 716 3872 827 3923; x_wconf 83' lang='lat' dir='ltr'><strong>barbara</strong></span> <span class='ocrx_word' id='word_1_321' title='bbox 843 3887 991 3939; x_wconf 72' lang='lat' dir='ltr'><strong>peruenere</strong></span> <span class='ocrx_word' id='word_1_322' title='bbox 1008 3870 1192 3930; x_wconf 85' lang='lat' dir='ltr'><strong>detrectantes,</strong></span> <span class='ocrx_word' id='word_1_323' title='bbox 1210 3874 1264 3920; x_wconf 89' lang='lat' dir='ltr'><strong>turn</strong></span> <span class='ocrx_word' id='word_1_324' title='bbox 1276 3866 1338 3939; x_wconf 86' lang='lat' dir='ltr'><strong>qnod</strong></span> 
     </span>
     <span class='ocr_line' id='line_1_39' title="bbox 248 3936 1337 4006; baseline -0.001 -16"><span class='ocrx_word' id='word_1_325' title='bbox 248 3938 303 3991; x_wconf 91' lang='lat' dir='ltr'><strong>illic</strong></span> <span class='ocrx_word' id='word_1_326' title='bbox 320 3938 420 4006; x_wconf 81' lang='lat' dir='ltr'><strong>frigora</strong></span> <span class='ocrx_word' id='word_1_327' title='bbox 436 3938 597 3992; x_wconf 81' lang='lat' dir='ltr'><strong>intoleranda</strong></span> <span class='ocrx_word' id='word_1_328' title='bbox 611 3941 744 3996; x_wconf 82' lang='lat' dir='ltr'><strong>saeviant.</strong></span> <span class='ocrx_word' id='word_1_329' title='bbox 761 3950 815 3991; x_wconf 89' lang='lat' dir='ltr'><strong>turn</strong></span> <span class='ocrx_word' id='word_1_330' title='bbox 831 3940 901 4005; x_wconf 86' lang='lat' dir='ltr'><strong>quod</strong></span> <span class='ocrx_word' id='word_1_331' title='bbox 918 3938 1021 3993; x_wconf 86' lang='lat' dir='ltr'><strong>barbari</strong></span> <span class='ocrx_word' id='word_1_332' title='bbox 1037 3941 1072 3992; x_wconf 86' lang='lat' dir='ltr'><strong><em>ob</em></strong></span> <span class='ocrx_word' id='word_1_333' title='bbox 1088 3936 1276 3992; x_wconf 68' lang='lat' dir='ltr'><strong>multitudinem</strong></span> <span class='ocrx_word' id='word_1_334' title='bbox 1290 3940 1337 3991; x_wconf 88' lang='lat' dir='ltr'><strong>siut</strong></span> 
     </span>
     <span class='ocr_line' id='line_1_40' title="bbox 249 4006 1336 4132; baseline 0.004 -6"><span class='ocrx_word' id='word_1_335' title='bbox 249 4006 473 4129; x_wconf 70' lang='lat' dir='ltr'><strong>innuunt</strong></span> <span class='ocrx_word' id='word_1_336' title='bbox 489 4007 974 4132; x_wconf 65' lang='lat' dir='ltr'><strong><em>lu,:·:l÷¹zulnlu:u</em></strong></span> <span class='ocrx_word' id='word_1_337' title='bbox 991 4006 1336 4132; x_wconf 56' lang='grc' dir='ltr'><strong><em>,ιον</em></strong></span> 
     </span>
     <span class='ocr_line' id='line_1_41' title="bbox 249 4094 809 4207; baseline 0.007 -12"><span class='ocrx_word' id='word_1_338' title='bbox 249 4143 352 4207; x_wconf 73' lang='lat' dir='ltr'><strong>natata,</strong></span> <span class='ocrx_word' id='word_1_339' title='bbox 368 4094 513 4199; x_wconf 71' lang='grc' dir='ltr'><strong><em>ἀιοοιιεω</em></strong></span> <span class='ocrx_word' id='word_1_340' title='bbox 531 4112 651 4199; x_wconf 61' lang='lat' dir='ltr'><strong>armanni</strong></span> <span class='ocrx_word' id='word_1_341' title='bbox 731 4095 748 4148; x_wconf 60' lang='grc' dir='ltr'><strong>Ρ</strong></span> <span class='ocrx_word' id='word_1_342' title='bbox 793 4096 809 4147; x_wconf 67' lang='lat'><strong><em>‘¹</em></strong></span> 
     </span>
    </p>
   </div>
   <div class='ocr_carea' id='block_1_3' title="bbox 249 4208 1336 4356">
    <p class='ocr_par' dir='ltr' id='par_1_7' title="bbox 249 4208 1336 4364">
     <span class='ocr_line' id='line_1_42' title="bbox 316 4208 1336 4284; baseline 0.003 -21"><span class='ocrx_word' id='word_1_343' title='bbox 316 4213 415 4267; x_wconf 82' lang='lat' dir='ltr'><strong>Diebus</strong></span> <span class='ocrx_word' id='word_1_344' title='bbox 434 4213 485 4267; x_wconf 90' lang='lat' dir='ltr'><strong>illis</strong></span> <span class='ocrx_word' id='word_1_345' title='bbox 507 4215 595 4269; x_wconf 82' lang='lat' dir='ltr'><strong>divina</strong></span> <span class='ocrx_word' id='word_1_346' title='bbox 618 4214 783 4284; x_wconf 69' lang='lat' dir='ltr'><strong>providentia</strong></span> <span class='ocrx_word' id='word_1_347' title='bbox 807 4212 982 4283; x_wconf 84' lang='lat' dir='ltr'><strong>deprehensns</strong></span> <span class='ocrx_word' id='word_1_348' title='bbox 1005 4222 1048 4269; x_wconf 91' lang='lat' dir='ltr'><strong><em>est</em></strong></span> <span class='ocrx_word' id='word_1_349' title='bbox 1070 4212 1115 4283; x_wconf 88' lang='lat' dir='ltr'><strong><em>qul</em></strong></span> <span class='ocrx_word' id='word_1_350' title='bbox 1138 4208 1172 4264; x_wconf 85' lang='lat' dir='ltr'><strong><em>sd</em></strong></span> <span class='ocrx_word' id='word_1_351' title='bbox 1189 4211 1336 4267; x_wconf 69' lang='lat' dir='ltr'><strong>Anchiale!</strong></span> 
     </span>
     <span class='ocr_line' id='line_1_43' title="bbox 249 4278 1335 4356; baseline 0.005 -25"><span class='ocrx_word' id='word_1_352' title='bbox 249 4278 355 4334; x_wconf 83' lang='lat' dir='ltr'><strong>caedem</strong></span> <span class='ocrx_word' id='word_1_353' title='bbox 381 4288 512 4353; x_wconf 85' lang='lat' dir='ltr'><strong>patrarat,</strong></span> <span class='ocrx_word' id='word_1_354' title='bbox 539 4284 641 4355; x_wconf 84' lang='lat' dir='ltr'><strong>qnando</strong></span> <span class='ocrx_word' id='word_1_355' title='bbox 657 4301 750 4339; x_wconf 85' lang='lat' dir='ltr'><strong>cervos</strong></span> <span class='ocrx_word' id='word_1_356' title='bbox 773 4283 845 4338; x_wconf 85' lang='lat' dir='ltr'><strong>multi</strong></span> <span class='ocrx_word' id='word_1_357' title='bbox 860 4286 894 4340; x_wconf 88' lang='lat' dir='ltr'><strong><em>de</em></strong></span> <span class='ocrx_word' id='word_1_358' title='bbox 910 4282 1072 4356; x_wconf 80' lang='lat' dir='ltr'><strong>imperatoris</strong></span> <span class='ocrx_word' id='word_1_359' title='bbox 1087 4280 1256 4353; x_wconf 70' lang='lat' dir='ltr'><strong>stipatoribus</strong></span> <span class='ocrx_word' id='word_1_360' title='bbox 1273 4282 1335 4337; x_wconf 82' lang='lat' dir='ltr'><strong>inse·</strong></span> 
     </span>
    </p>
   </div>
   <div class='ocr_carea' id='block_1_4' title="bbox 0 0 1414 4742">
    <p class='ocr_par' dir='ltr' id='par_1_8' title="bbox 0 0 1414 4742">
     <span class='ocr_line' id='line_1_44' title="bbox 0 0 1414 4742; baseline 0 2"><span class='ocrx_word' id='word_1_361' title='bbox 0 0 1414 4742; x_wconf 95' lang='lat' dir='ltr'><strong><em> </em></strong></span> 
     </span>
    </p>
   </div>
  </div>
 </body>
</html>
