2817 4742
230 336 280 407 20
539 380 540 383 =
704 333 852 402 PHOTII

235 506 395 596 ραννίδος,
422 506 472 570 καί
495 496 620 585 ἀπειλή,
649 504 699 568 καί
721 499 852 587 μήνυσις
872 509 929 586 τῆς
949 509 1112 587 βασιλικῆς
1134 500 1256 587 ἀπειλῆς
1272 502 1322 568 dai

232 616 290 678 τοῦ
306 614 448 694 γαμβροῦ
465 606 651 684 Θεοδοσίου,
679 610 729 672 καί
743 607 904 694 καταφυγὴ
920 612 950 671 Γ
947 614 1081 691 ιρμανοῦ
1094 607 1172 688 πρδς
1184 606 1237 671 τὸν
1249 604 1321 671 rede

232 718 290 795 τῆς
313 707 516 795 θεομήτορος.
569 713 630 774 τῶν
653 707 762 795 Κύρου
780 714 833 775 καί
855 706 1016 795 Στεφάνου
1032 715 1089 777 τοῦ
1104 704 1263 792 εάνοδχου,
1288 706 1321 783 ὃς

234 816 398 899 ἐπίτροπος
423 812 564 879 ίτίτακτο
587 820 651 887 τοῖς
673 813 825 893 βασιλίως
844 814 950 892 παισί,
978 812 1055 897 πρὸς
1067 812 1227 898 Γερμανὸν
1245 811 1322 876 ἀπο-

233 919 328 999 στολὴ
350 919 392 994 εἰς
411 916 446 981 τδ
467 916 602 993 ἐξελθεῖν
625 914 721 981 αὐτὸν
740 922 798 981 τοῦ
819 922 896 982 ναοῦ
920 918 970 981 καί
992 914 1144 1002 ἀπραξία·
1170 917 1222 979 καί
1241 910 1346 994 ἦδιάὄ

231 1015 358 1109 ῥάβδων
374 1020 564 1103 ’,ιαστίγιιισις
586 1019 756 1085 Θεοδοσίου
772 1023 828 1085 τοῦ
843 1019 953 1095 παιδὸς
965 1015 1024 1083 vind
1038 1024 1094 1086 τοῦ
1107 1016 1226 1102 πατρὸς
1241 1017 1323 1081 ἕνεκα

230 1129 287 1209 τῆς
305 1122 382 1209 πρὸς
397 1122 450 1187 τδν
469 1119 618 1205 πενθερὸν
634 1117 882 1207 καταμηνιίσεως.
936 1124 986 1185 καί
1006 1120 1226 1206 ριεταιγοίτησις
1246 1122 1279 1183 Γ
1274 1144 1323 1202 ερ-

229 1232 330 1308 μανοῦ
356 1223 417 1289 ἀπὸ
438 1230 494 1288 τοῦ
516 1224 573 1289 νεα)
594 1229 649 1306 τῆς
668 1221 863 1311 θεομήτορος
875 1223 925 1289 ini
937 1224 994 1306 τὴν
1009 1221 1098 1308 ἀγίαν
1111 1224 1249 1308 Σοφίαν,
1272 1223 1322 1284 καί

228 1324 320 1393 πάλιν
342 1323 528 1412 πρδσκλησις
551 1328 599 1391 ini
616 1326 651 1391 τίν
666 1327 817 1407 ίξελδεΐν,
845 1328 895 1392 καὶ
911 1325 1070 1407 ἀπείθεια,
1094 1325 1222 1411 Ἀνδρέα
1241 1322 1320 1399 τινὸς

229 1436 362 1513 συνεχῶς
377 1436 547 1515 φοιτῶντος
561 1438 629 1503 ταῖς
640 1429 873 1514 λιτανείαιςτῆν
888 1426 993 1507 ignom
1008 1424 1221 1505 κεκωλυκδτος.
1256 1422 1315 1491 θό-
1327 1442 1363 1493 10

229 1534 323 1619 portat
332 1556 364 1597 τε
380 1534 429 1596 καί
445 1532 624 1619 ἐμπρησμὸς
637 1538 692 1615 τῆς
708 1532 788 1601 κατὰ
800 1531 857 1613 τὴν
870 1528 959 1597 πόλιν
973 1533 1072 1607 οἰκίας
1084 1530 1318 1597 Κωνστιιντίνοιι

228 1642 285 1702 τοῦ
307 1630 485 1719 πατρικίου,
522 1632 557 1699 δν
579 1636 717 1718 Λαρδῦν
742 1629 878 1701 ίπεκάλει
900 1634 940 1699 nd
961 1631 1088 1718 πλήθη·
1130 1636 1181 1699 καί
1209 1633 1320 1717 ἀπορία

228 1738 408 1823 Μαυροιίου
432 1738 483 1802 καί
503 1731 685 1822 ἀπόδρασις.
738 1734 822 1813 ὅπως
843 1731 998 1812 κλιίδωνος
1017 1729 1176 1821 γεγονότος
1194 1735 1321 1820 ίγκοπὴν

166 1872 169 1879 ’
228 1841 306 1925 πρὸς
326 1839 382 1922 τὴν
406 1836 576 1921 ἀπόδρασιν
598 1833 758 1921 λαμβάνει.
810 1842 862 1904 κοί
890 1838 1048 1921 ἀποστολὴ
1071 1840 1240 1905 Θεοδοσίου
1265 1842 1321 1902 τοῦ

227 1941 339 2015 παιδὸς
360 1939 437 2023 πρὸς
459 1934 626 2023 Χοσράην,
659 1942 711 2004 καί
730 1937 915 2026 ὑποστροφὴ
936 1936 1028 2005 πάλιν
1049 1938 1109 2005 ἀπὸ
1129 1941 1260 2016 Νικαίας
1280 1946 1319 2027 τῇ
1331 1949 1364 1999 15

227 2044 366 2122 ίπιδείξει
387 2048 443 2108 τοῦ
465 2043 650 2119 δακτυλίου,
677 2040 695 2107 ὃ
718 2036 757 2123 ἦν
774 2043 817 2118 είς
835 2036 985 2126 σύνθημα
1000 2045 1146 2134 eginardi
1167 2042 1252 2127 παρὰ
1265 2049 1320 2106 τοῦ

226 2145 344 2230 πατρὸς
367 2140 508 2226 ποιηθέν.
559 2140 643 2218 ὅπως
657 2169 688 2209 τε
702 2145 780 2228 πρὸς
793 2143 847 2210 τὸν
862 2140 1013 2229 τύραννον
1028 2145 1058 2211 οἳ
1072 2151 1127 2210 τοῦ
1142 2142 1266 2225 ἀστεος,
1291 2146 1322 2207 ἓν

227 2246 274 2324 οἷς
287 2242 324 2331 ἦν
336 2248 387 2311 καί
401 2242 417 2310 ὃ
430 2242 602 2329 Ἐδογιίτης,
626 2242 877 2331 προσεχώρησαν.
911 2244 996 2323 ὅπως
1009 2272 1041 2313 τε
1055 2247 1213 2332 Γερμανὸς
1224 2272 1322 2311 κοτα-

226 2347 380 2429 σκευάζοιν
394 2350 493 2438 ἱαυτῷ
508 2348 564 2431 τὴν
576 2350 735 2429 βασιλείαν
749 2343 962 2433 ἀποτυγχάνει,
980 2355 1041 2415 τῶν
1050 2351 1220 2434 Πρασίνων
1232 2348 1321 2415 ἀπει-

226 2450 347 2520 πόντων
363 2452 418 2535 τὴν
435 2446 605 2535 ἀνάρρησιν
617 2450 668 2515 διὰ
684 2450 720 2517 ri
737 2458 793 2535 τῆς
807 2449 952 2538 αἱρέσεως
964 2452 1058 2518 αάτδν
1069 2450 1156 2533 εἶναι,
1186 2450 1228 2532 ὡς
1243 2452 1318 2516 ίκεῖ-
1328 2465 1366 2515 20

224 2583 272 2622 νοι
294 2553 447 2641 ξ’φιισκον,
474 2558 535 2641 τάν
557 2552 702 2619 Βενίτων.
755 2552 820 2620 εἶτα
841 2551 1041 2641 ἀναγόρευσις
1061 2557 1091 2621 ἓν
1116 2561 1161 2646 τῷ
1181 2560 1248 2646 vargi
1262 2562 1321 2619 τοῦ

223 2656 311 2744 ἀγίου
324 2653 467 2723 Ἰωάννου
483 2658 514 2720 ίν
527 2652 719 2745 τῷἾίβδόμιγ
731 2663 787 2722 τοῦ
797 2661 910 2724 onan·
933 2659 1091 2745 liuprande
1104 2660 1139 2723 δὲ
1151 2664 1323 2744 τηνικαῦτα

156 2795 161 2803 ·
223 2759 298 2838 roric
319 2765 373 2843 τῆς
393 2758 555 2840 βασιλίδος
571 2758 800 2845 ἀρχιεριιτικοδς
814 2760 1009 2848 ἐγκεχείριστο
1024 2757 1149 2845 νόμους.
1200 2758 1323 2835 εἴσοδός

224 2888 257 2931 τε
273 2867 370 2931 Φωκᾶ
393 2860 469 2950 πρὸς
490 2861 530 2927 od
544 2863 700 2947 βασίλεια,
728 2866 779 2929 καί
794 2859 964 2955 ἀνοίρρησις
975 2868 1132 2941 Λεοντιάς
1143 2870 1198 2948 τῆς
1211 2888 1323 2950 γυναι-

223 3074 369 3131 trannidia
398 3081 538 3133 auctorem.
580 3078 664 3131 minae
694 3078 871 3148 minarumque
900 3080 1012 3149 Augusti
1035 3080 1063 3134 ta
1084 3080 1239 3133 Germanum
1269 3095 1323 3149 per

250 3146 397 3199 heoderium
420 3162 542 3215 generum
565 3147 675 3200 delatio:
699 3157 728 3200 et
749 3150 873 3207 Germani
897 3148 923 3200 in
947 3150 1069 3219 deiparae
1085 3151 1220 3217 temptum,
1245 3149 1324 3201 utin

224 3215 323 3285 azylum
344 3216 416 3283 tuga.
452 3216 510 3267 irinc
533 3216 630 3285 Syrna,
651 3222 678 3268 et
695 3217 844 3285 Stephanus
859 3220 1004 3283 eunuchus,
1030 3219 1074 3288 qui
1091 3218 1212 3271 Caesarie
1228 3217 1325 3270 liberie

222 3300 320 3339 morum
337 3284 481 3353 praefectus
499 3285 598 3349 tuerat,
623 3284 657 3337 ad
680 3285 837 3339 Germanum
861 3286 945 3352 miaei,
969 3289 1109 3358 attempta
1127 3286 1324 3353 digrederetur,

223 3351 268 3406 aed
295 3353 368 3406 irrita
391 3354 489 3422 legatio
507 3354 566 3405 tuit.
600 3354 713 3406 fustibus
731 3372 823 3407 caenas
840 3355 1002 3409 Theodosiua
1016 3362 1161 3425 apparente
1179 3354 1323 3419 Mauricio,

222 3420 290 3491 quod
318 3438 409 3475 socero
434 3423 599 3475 auas'nninae'
619 3423 769 3476 iudicasset.
803 3425 927 3477 Germani
950 3442 966 3477 a
988 3426 1084 3493 tempto
1101 3424 1132 3495 b..
1149 3422 1262 3504 Virginis
1284 3422 1323 3475 ad

221 3498 327 3543 nanctae
344 3489 457 3560 Sophiae
474 3492 611 3555 transitur,
630 3499 658 3544 et
674 3492 784 3557 iterata,
800 3502 831 3545 ut
846 3492 906 3546 iude
921 3491 1099 3560 digrediatur,
1116 3493 1243 3545 hortamur
1269 3490 1323 3543 aed

222 3559 565 3695 tita¹¹⁵¹ittt⁸⁰tittu
583 3559 1325 3698 iiitttnttdtftit‘ttdiuiduntur

143 3752 145 3757 ,
222 3712 272 3749 nae
300 3694 389 3747 domus
413 3695 576 3748 Constantini
606 3696 724 3765 patricii,
757 3716 832 3767 quem
860 3697 965 3767 Lardyn
993 3699 1071 3767 vulgo
1093 3697 1324 3766 cognominabant.

220 3764 342 3819 liiauricii
359 3766 490 3817 aestuatio
508 3782 539 3816 ac
555 3765 631 3830 suga,
649 3774 730 3835 utque
746 3773 838 3820 exorta
854 3766 931 3819 marin
945 3776 1085 3837 tempestae
1101 3768 1188 3835 sugam
1205 3765 1259 3835 ipei
1278 3766 1323 3818 in-

220 3831 365 3887 terciderit.
400 3832 545 3887 Theodosii
571 3833 618 3885 titii
640 3836 673 3887 ad
698 3835 837 3888 Ciroaroem
862 3835 947 3889 mineio
970 3837 1140 3905 reductioque
1164 3833 1268 3887 Nicaea
1286 3850 1323 3887 ex

221 3902 318 3955 iudicio
336 3902 435 3961 annuli,
458 3917 532 3971 quem
550 3902 604 3954 tilio
622 3920 716 3971 parens
732 3904 873 3957 Mauricius
889 3905 957 3974 rigni
974 3913 1141 3974 tersereeque
1157 3903 1215 3956 ioco
1231 3903 1323 3957 tradi-

220 3970 303 4023 derat.
339 3972 493 4024 urbanorum
517 3971 552 4024 ad
578 3977 731 4038 tyrannum,
761 3971 788 4025 in
817 3974 909 4043 quibua
931 3982 958 4027 et
985 3973 1119 4026 Edamiter
1145 3978 1218 4035 erat,
1251 3991 1321 4026 con-

220 4052 319 4093 currum
357 4039 489 4109 imperium
514 4041 660 4093 Germanae
682 4040 808 4095 atiectanr
829 4050 890 4096 voto
914 4042 1026 4105 excidit,
1058 4041 1175 4095 Prasinia
1202 4057 1231 4093 se
1257 4059 1322 4095 eum

221 4116 354 4161 creaturos
370 4109 550 4177 imperatorem
571 4108 740 4177 negantibur:
766 4111 851 4179 quod,
875 4120 905 4166 ut
920 4111 971 4181 ipsi
986 4112 1165 4175 affirmabant,
1191 4110 1322 4163 factionis

220 4185 293 4230 areat
310 4176 475 4231 Venetorum.
509 4195 572 4248 ergo
590 4180 692 4231 Phocae
707 4179 800 4232 deinde
815 4180 841 4233 in
858 4181 953 4248 tempto
971 4182 996 4233 b.
1011 4181 1129 4244 Ioannir‚
1144 4178 1212 4248 quod
1229 4180 1321 4233 estin

219 4246 351 4315 Septimo,
374 4246 514 4313 imperator
531 4248 708 4311 renuntiatur,
733 4248 844 4316 cyniaco
861 4250 951 4317 regiae
967 4249 1040 4302 urbia
1053 4250 1210 4317 patriarcha.
1244 4249 1321 4301 Pho·

219 4328 266 4369 cea
284 4316 311 4369 in
328 4314 426 4385 regiam
449 4315 580 4386 ingrannus
606 4326 633 4371 et
656 4318 781 4372 Leontino
797 4317 853 4373 eiua
869 4318 973 4388 uxoria,
1000 4325 1029 4372 ut
1045 4322 1176 4387 dugmtae
1192 4317 1318 4373 consata-
