2817 4742
406 242 698 313 HISTORJARUM
720 244 780 316 lv.
809 244 868 318 16.
1129 247 1201 319 199

103 412 351 501 ἇντεπιφέραυσα
370 413 407 481 τδ
426 412 629 500 ἀνταπόδομα
643 413 661 485 δ
674 412 979 503 όνταιιέδωκενῆμῒν.
1031 422 1198 485 τελειοῦται

102 516 165 603 γὰρ
178 515 256 601 αὕτη
273 513 408 602 διαθήκη
422 520 550 607 δευτίρα
564 528 608 611 τῷ
624 527 726 611 νοητῷ
738 517 879 605 Ἰσραήλ,
906 521 957 585 καί
974 520 1120 601 βασιλεὺς
1139 520 1196 586 οὐκ

103 618 361 703 ἇποδοκιμόζεται
378 618 513 708 σήμερον
534 625 689 711 οἰκτείρων
705 624 849 706 πολέμιον
855 673 866 703 ,
893 621 965 688 οὔτε
980 623 1130 707 Σαμουὴλ
1145 624 1193 689 ἐπί
1209 634 1233 689 P
1251 634 1301 691 116

102 719 205 812 τούτῳ
227 726 487 808 διαπληκτίζεται,
514 724 739 814 παντοκράτορι
753 728 848 815 κυρίῳ
862 728 969 808 ζηλῶν.
1021 722 1038 792 δ
1059 725 1118 812 γὰρ
1134 724 1196 810 Ἰη-

76 825 178 902 5σοδς
201 822 218 892 ὃ
239 824 394 913 Χριστός,
421 824 438 893 δ
459 829 589 906 παλαιδς
608 826 732 916 ἡμερῶν
749 831 801 899 καί
818 826 1043 915 πρεσβύτερος,
1070 828 1193 913 εὐσεβί-

99 953 212 1013 στερον
225 932 340 1007 θυσίας
352 926 415 997 οίδε
430 929 484 997 τδν
496 930 579 998 ἔλεον
587 981 600 1013 ,
626 936 677 998 καὶ
690 933 748 1017 τὴν
760 929 908 1019 πατρῴαν
922 932 1081 1013 βασιλείαν
1095 957 1194 997 κατα-

98 1033 283 1117 κληροδοτεῖ
299 1044 364 1110 τοῖς
382 1035 587 1120 σίκτείρμοσι,
619 1038 672 1101 καί
690 1036 928 1123 φιλανθρωπίας
946 1033 1023 1117 ἔχων
1042 1030 1192 1101 δπόθεσιν

97 1136 150 1199 καί
168 1131 284 1201 dodico
307 1132 456 1219 λαμβάνει
472 1134 616 1225 μορφήν,
642 1141 693 1205 καί
709 1149 774 1216 τοῖς
787 1132 966 1223 ἀνθρώποις
981 1138 1192 1222 συναναστρέ-

95 1260 189 1322 perne
196 1285 210 1319 ,
235 1240 286 1304 καί
304 1238 362 1322 την
378 1235 499 1326 φάτνην
512 1243 646 1329 γνωρίζει
653 1291 665 1325 ,
690 1244 743 1309 καί
757 1242 915 1327 προσίεται
928 1235 1090 1325 σπάργανα
1098 1288 1109 1320 ,
1139 1242 1192 1306 καλ

55 1356 89 1410 10
96 1338 201 1427 φεύγει
214 1348 427 1428 τυραννοῦσαν
448 1344 505 1453 την
518 1341 693 1431 μάχαιραν,
718 1346 769 1411 καί
782 1349 822 1431 τῇ
832 1338 984 1432 Αίγόπτηι
998 1346 1188 1429 προσομιλεῖ,

93 1439 162 1509 εἶτα
183 1442 242 1528 τὴν
260 1446 405 1534 Ναζαρέτ
424 1458 573 1527 κατοικεῖ,
598 1450 649 1513 καί
663 1452 829 1523 Γαλιλαῖος
844 1442 1041 1532 κηρύττεται,
1069 1447 1121 1511 καλ
1133 1470 1190 1512 σο-

92 1546 152 1635 φίρι
166 1542 343 1632 προκόπτει,
369 1549 420 1613 καί
433 1547 546 1639 φθόνρι
559 1552 721 1630 κακίζεται,
746 1552 797 1614 καί
811 1545 871 1614 ini
887 1549 1109 1617 Σαδδουκαίων
1121 1573 1188 1613 πει-

90 1645 235 1733 ράζεται,
262 1651 315 1715 καί
333 1648 411 1734 μετὰ
428 1657 491 1717 τῶν
508 1648 702 1739 ἁμαρτωλῶν
713 1652 940 1730 συναυλίζεται,
965 1653 1015 1715 καί
1030 1650 1109 1735 πρδς
1124 1645 1183 1715 πᾶ-
1202 1658 1226 1713 B

88 1755 154 1828 θος
174 1751 345 1834 ἐκδίδοται,
373 1754 425 1819 καλ
445 1753 580 1837 σταυρὸν
595 1755 812 1836 καταδέχεται,
834 1755 885 1819 καί
896 1753 975 1835 μετὰ
987 1758 1050 1819 τῶν
1063 1749 1187 1835 ἀνόμων

53 1872 82 1928 15
89 1856 237 1938 λογίζεται
242 1902 254 1935 ,
280 1855 332 1919 ιιαλ
344 1851 444 1940 τάφον
456 1851 623 1935 ἀσπάζεται
629 1903 640 1935 ,
662 1858 714 1920 καί
725 1862 899 1945 μεταηοιτᾷ
912 1855 990 1940 πρδς
1003 1852 1184 1935 ἀκόστασιν,

86 1958 141 2020 καί
160 1952 264 2023 πάντα
282 1955 396 2023 παθιδν
419 1956 655 2043 κατησμίιισεν,
680 1954 715 2023 ’ἓν
732 1953 828 2041 μόνον
853 1953 939 2040 ἡμῶν
957 1954 1140 2037 ἀπολαύων,
1167 1956 1185 2023 δ

86 2059 138 2124 καί
160 2054 339 2140 σωζόμεθα.
390 2057 512 2151 ᾄσωμεν
532 2066 577 2148 τῷ
596 2060 709 2148 κυρίῳ,
736 2059 793 2125 cdx
811 2055 928 2135 ἐξόδιον
943 2051 1049 2149 ᾆσμα·
1073 2060 1185 2141 ἐπιβα-

85 2156 194 2248 τήριος
215 2160 275 2247 γὰρ
295 2156 315 2243 ἡ
337 2160 521 2250 πανήγυρις,
549 2164 601 2229 καί
621 2156 709 2238 πόλις
731 2163 782 2226 καί
804 2161 879 2238 ναδς
895 2162 1106 2246 ἐγκαινίζιται,
1132 2163 1185 2227 καί

84 2260 181 2347 νόμος
211 2262 433 2343 ἅνακαινίζεται
461 2261 590 2352 πάτριος
597 2314 608 2345 ,
637 2266 689 2331 καλ
714 2260 867 2352 ῥιδννυται
887 2264 988 2340 πίστις
1004 2261 1181 2347 ἅκίβδηλος,

49 2369 136 2441 mxci
151 2364 208 2433 τδν
230 2363 433 2452 ἐγκαινίζοντα
453 2368 558 2452 βλίπω
571 2366 711 2453 Χριστόν
727 2368 759 2433 ἐν
772 2367 857 2456 με’σρι
872 2373 929 2452 τῆς
942 2367 1103 2450 ἐκκλησίας
1115 2372 1180 2433 τῶν

84 2471 244 2554 τροπαίων
258 2468 297 2533 τὰ
310 2466 455 2552 σύμβολα
468 2471 517 2537 ἐπί
531 2477 592 2537 τῶν
605 2469 697 2554 ὤμων
711 2464 958 2556 περιφερόμενονι
981 2460 1001 2538 ό
1014 2470 1049 2534 δέ
1061 2470 1179 2554 θρίαμ-

83 2578 140 2654 βος
157 2568 175 2638 ὁ
191 2568 342 2656 σταυρός,
368 2572 413 2640 δι’
432 2564 469 2639 οὗ
482 2577 686 2659 ξενηλατεῒται
699 2572 737 2638 τδ
748 2570 928 2659 βόρβορον,
948 2569 985 2637 τδ
999 2572 1033 2636 δέ
1042 2567 1174 2654 ‘Pupini-
1191 2582 1215 2636 c

83 2672 136 2741 ιιδν
157 2673 355 2756 εἶσοιιιίζιτοι.
407 2675 530 2771 ᾄσωμει
552 2682 596 2770 τῷ
618 2678 714 2771 κυρίην
728 2678 780 2743 καί
795 2673 892 2759 ὕμνον
906 2670 1025 2762 ίξόδιοσ
1067 2674 1175 2754 ἐξοικί-

82 2905 276 2960 retributionem
318 2924 375 2961 uem
400 2909 521 2963 retribuit
543 2909 634 2976 nobie,
658 2910 768 2973 alterum
784 2906 911 2977 siquidem
926 2910 1108 2961 amentum
1124 2906 1173 2960 ob·

82 2925 504 3043 renator„1eraedintelteouiati
521 2979 683 3047 praecipiens
699 2994 733 3031 ne
745 2977 842 3031 ‘maium
860 2992 907 3046 pre
924 2976 989 3029 maio
1006 2977 1108 3029 reddat.
1142 2983 1172 3029 et

82 3044 155 3099 bodie
172 3060 220 3097 rex
236 3046 333 3099 boetem
349 3044 473 3100 miserans
489 3064 539 3099 non
557 3049 727 3116 περιουσίαις
750 3064 797 3099 uec
815 3045 917 3098 Samuel
939 3044 1106 3113 omnipotenti
1123 3043 1171 3097 do-

82 3113 145 3168 miuo
162 3114 250 3167 aeianr
267 3120 373 3185 propter
390 3116 439 3168 boc
456 3114 632 3172 altercabitur.
667 3115 783 3168 dominun
806 3116 872 3167 enim
897 3113 968 3166 ierus
986 3113 1106 3166 ebriatur
1123 3129 1171 3165 au-

80 3182 168 3250 tiquue
184 3183 298 3248 dierum,
315 3192 343 3237 et
359 3182 427 3237 omni
442 3200 508 3238 aevo
524 3185 673 3254 antiquior,
698 3182 897 3237 misericordiam
914 3182 1043 3235 sacrificio
1058 3181 1166 3249 reiigio-

81 3251 168 3303 eiorem
192 3250 279 3317 ducit,
304 3259 332 3306 et
354 3261 484 3320 paternum
502 3271 606 3322 reguum
624 3252 831 3306 misericordibus
853 3250 983 3319 impertit,
1008 3260 1037 3304 et
1051 3249 1166 3313 humaui-

79 3326 131 3373 tate
153 3318 240 3372 victur
262 3318 339 3373 etium
355 3320 426 3373 nervi
443 3321 547 3374 turmam
566 3321 677 3389 accipit,
701 3328 729 3373 et
752 3337 809 3373 cum
831 3320 973 3374 bominibue
990 3328 1166 3380 convertatur,

79 3398 105 3439 et
120 3404 245 3458 praesepe
261 3389 360 3453 noscit,
377 3398 404 3442 et
419 3389 510 3442 ienciie
523 3388 678 3453 involvitur,
695 3396 724 3441 et
738 3389 898 3457 tyrannicum
914 3386 1026 3457 gladium
1037 3386 1119 3455 sugit,
1137 3393 1165 3439 et

78 3454 102 3507 in
118 3460 265 3528 Aegyptum
285 3458 408 3527 emigrat,
433 3456 526 3511 deiude
541 3458 677 3511 Nazareth
693 3456 810 3520 habitat,
825 3467 853 3510 et
869 3458 1005 3510 Gaiiiaeua
1022 3456 1164 3525 proclama·

78 3532 134 3587 tur,
157 3536 186 3579 et
207 3526 336 3597 rapientia
356 3527 473 3597 proficit,
501 3534 529 3581 et
551 3544 584 3580 ex
607 3524 703 3579 invidia
720 3525 897 3596 vituperatur,
921 3531 950 3578 et
970 3543 987 3578 a
1003 3523 1164 3577 Sadducaeia

79 3598 203 3657 tentatur,
219 3606 247 3647 et
262 3611 318 3649 cum
335 3595 514 3665 peecatoribus
530 3603 712 3660 commoratur,
729 3607 757 3647 et
771 3594 905 3649 tormenti·
920 3593 1040 3655 deditur,
1057 3600 1085 3646 et
1102 3608 1161 3644 eru·

79 3676 128 3713 cem
152 3662 278 3733 uuacipit,
290 3716 292 3728 ,
303 3671 331 3717 et
351 3682 407 3717 cun
423 3664 520 3735 iniquia
544 3670 697 3732 reputatur,
724 3671 751 3718 et
766 3664 911 3733 sepulerum
927 3681 977 3716 uon
994 3660 1108 3728 refugit,
1131 3664 1161 3715 et

78 3730 108 3781 ed
125 3731 337 3790 resurrectionen
353 3732 460 3797 tramit,
483 3739 511 3786 et
534 3734 617 3786 onnia
633 3733 715 3787 iibenr
732 3732 848 3802 patitur,
872 3749 948 3785 unum
964 3732 1032 3785 bunc
1047 3730 1159 3782 nocam

79 3814 108 3850 ex
129 3800 202 3853 nobie
224 3801 386 3871 percipiens,
410 3799 480 3871 quod
503 3802 639 3855 salvamur.
673 3808 805 3856 eumue
830 3800 943 3866 domiuo,
969 3816 1020 3851 nou
1037 3813 1159 3867 ορυοιιαε

79 3866 211 3922 canticum
228 3878 270 3923 eat
285 3870 352 3925 enim
369 3870 499 3923 oeeuaoria
516 3871 670 3941 panegyrie,
688 3878 716 3924 et
730 3870 794 3923 urbe
809 3876 837 3922 et
853 3868 973 3940 templum
989 3872 1158 3935 renovantur,

78 3942 103 3987 et
122 3936 164 3989 lex
183 3938 461 4008 pernotarentur,
486 3944 515 3992 et
531 3939 595 3992 fider
612 3939 714 3993 uincere
732 3938 909 4001 confirmatur,
932 3953 1063 4005 cornuque
1079 3933 1158 3987 curt·

77 4007 137 4058 ιλσω
153 4008 179 4059 in
195 4006 278 4060 medie
295 4008 405 4061 eccieeia
419 4017 582 4077 tropaeorum
599 4008 715 4077 rymbola
732 4005 843 4060 humeris
856 4006 1030 4061 nuntinemeun
1064 4002 1156 4057 trium·

77 4071 136 4189 ρλιυι
158 4084 243 4129 autem
265 4092 345 4140 crux,
370 4093 418 4161 per
440 4094 516 4146 quam
540 4078 644 4131 barbari
669 4085 696 4130 et
714 4075 845 4146 peregrini
862 4082 891 4127 et
907 4072 993 4128 exteri
1007 4071 1158 4141 abiguntur,

98 4142 176 4197 unani
199 4151 229 4199 ut
250 4144 385 4198 domesticu
405 4145 613 4201 introducuntur.
646 4151 779 4199 mutumne
809 4143 910 4198 domiuo
936 4143 1013 4197 etiam
1035 4142 1155 4211 hymnum

77 4204 196 4285 ίέίδιον,
211 4212 240 4268 id
255 4218 311 4284 eat,
327 4214 499 4286 egrereioniar
521 4232 581 4271 narn
596 4213 708 4287 perinde
722 4219 754 4270 ut
768 4229 814 4269 sua
830 4231 847 4269 e
861 4211 928 4269 silua
943 4209 1106 4285 glandiiera,
1123 4226 1156 4265 ex
