2817 4742
228 260 299 337 134
607 263 932 341 monumen

230 434 408 528 ἐπιστασίας
421 433 665 523 γενομίνης-τοῒς
689 433 832 529 Μήδοις,
858 431 965 520 πάσχα
986 434 1062 518 τίως
1075 433 1115 500 τά
1127 438 1182 516 τῆς
1201 431 1317 521 Περσί-

189 541 286 615 iidoc
309 534 407 604 δεινά·
433 537 652 626 προνομεάεται
672 540 732 627 γάρ
759 544 810 606 sui
830 544 960 622 ληίζεται
981 542 1031 604 καί
1051 544 1319 623 λαφυραγωγεῖται

231 640 287 707 οῦκ
299 638 496 725 άναξιάλογον
512 646 606 710 λείαν.
656 649 712 710 τοῦ
728 643 761 707 δ’
778 638 914 719 ἐπιόντος
935 645 1075 708 ἐνιαυτοῦ
1091 646 1147 721 τῆς
1157 640 1318 719 βασιλείας

228 742 393 810 ’ίουστίνου
406 752 461 811 τοῦ
477 742 722 833 αὐτοκράτορος,
741 750 929 831 Μαρκιανοῦ
951 744 1007 820 τάς
1020 738 1164 824 δυνάμεις
1176 742 1320 826 ἀγείραν-

232 870 286 922 τος
300 848 396 917 κυλίοι
413 855 469 914 τοῦ
485 844 596 933 Δάρας
619 848 825 933 ποιησαμένου
844 849 901 931 τὴν
915 843 1068 931 πρόοδον,
1093 847 1144 910 καὶ
1159 850 1222 909 τιῦν
1235 852 1344 927 prop-5

234 944 340 1035 βάρων
354 952 700 1036 στρατοπεδευσαμένων
716 955 783 1034 περί
797 949 853 1034 τὴν
868 951 1008 1031 Νίσιβιν,
1032 951 1145 1034 γίνεται
1158 943 1322 1028 συμπλοκὴ

230 1045 388 1134 Ῥωμαίων
408 1077 441 1119 τι
461 1057 511 1120 καί
531 1057 662 1137 Περσῶν
678 1054 806 1138 πλησίον
818 1060 873 1119 τοῦ
895 1047 1082 1135 Σαργαθάν,
1108 1049 1193 1115 οῦτω
1206 1054 1325 1119 καλου,-

234 1152 327 1237 μίνου
346 1157 462 1240 χωρίου
485 1161 640 1244 Περσῶν,
675 1160 726 1222 καλ
746 1158 890 1221 πταίουσι
904 1158 1015 1239 Μῆδοι
1038 1156 1089 1218 καὶ
1103 1159 1251 1237 κρατοῦσι
1266 1155 1325 1231 τῆς

234 1251 336 1341 μάχης
348 1252 500 1340 Ῥωμαῖοι.
553 1259 604 1326 διδ
619 1267 711 1325 τοῦτο
726 1254 970 1344 περικαθήμενον
985 1257 1022 1322 sd
1046 1254 1199 1335 Θεβοδιδν
1214 1254 1326 1335 ἐνεχεί-

207 1414 212 1423 ,
237 1382 312 1442 ρουν
329 1354 421 1426 disis·
445 1363 596 1450 Περσικὸν
614 1363 648 1428 δέ
671 1364 757 1427 τουτί
777 1360 814 1425 τὸ
831 1358 988 1445 φρούριον.
1038 1355 1155 1443 ἧμίρας
1168 1358 1272 1422 τοίνυν
1287 1352 1324 1419 τὸ
1332 1367 1362 1420 10

239 1456 387 1547 φροῦριον
401 1461 639 1548 πεπολεμηκάτες
656 1458 790 1541 πολλάς,
818 1460 920 1527 καλοῦ
937 1460 1016 1527 κατά
1034 1460 1149 1526 σκοπδν
1163 1464 1326 1539 συμβεβη-

239 1558 337 1627 ιιάτων
365 1570 427 1630 τῶν
455 1563 642 1652 πραγμάτων
671 1565 794 1643 αῦτοΐς,
834 1565 882 1629 ἐπὶ
913 1562 949 1628 τὸ
978 1560 1087 1646 Δάρας
1114 1562 1324 1641 ἐπανίζευξαν.

202 1674 226 1725 0
244 1660 308 1730 είτα
323 1663 534 1743 είσβάλλουσιν
553 1670 595 1743 είς
616 1666 673 1751 τὴν
691 1666 839 1749 πολεμίαν
862 1658 973 1745 αὖθις,
999 1667 1050 1729 sui
1061 1663 1118 1746 τὴν
1131 1664 1255 1743 Νίσιβιν
1269 1667 1328 1741 τῆς

240 1768 423 1849 Μυγδονίας
442 1765 618 1857 διεγνώκασι
640 1766 923 1855 παραστήσασθαι·
955 1772 1046 1833 τοῦτο
1070 1764 1130 1850 γάρ
1144 1764 1252 1843 αῦτοῑς
1265 1760 1327 1828 dud

241 1875 298 1935 τοῦ
324 1868 553 1958 αὐτοκράτορος
570 1872 801 1959 προσετάττετο.
853 1867 870 1937 d
892 1871 926 1936 δέ
944 1876 1006 1935 τεῦν
1030 1873 1162 1953 Περσῶν
1181 1864 1364 1948 βασιλεῦς15

241 1969 428 2058 Χοσράηςὸ
458 1971 682 2061 πρεσβύτερος,
714 1974 797 2060 Ιἐίρας
823 1976 855 2040 ἐκ
883 1977 1074 2055 Βαβυλῶνος
1097 1969 1164 2053 ἅμα
1190 1971 1327 2055 Μηδικῷ

139 2083 163 2137 V
182 2088 231 2143 187
248 2077 465 2165 στρατοπίδῳ,
487 2082 592 2164 Τίγριν
617 2074 854 2162 διανηξάμενος,
888 2070 1039 2157 είσβαλάν
1059 2099 1092 2139 τε
1107 2074 1173 2158 περί
1186 2071 1244 2156 τὴν
1256 2070 1328 2155 ἐρη-

243 2201 304 2260 μον
317 2181 366 2242 καί
381 2177 426 2243 δι’
441 2183 553 2264 ἐκείνης
566 2176 913 2265 στρατοπεδευσάμενος,
936 2180 988 2243 ἵνα
1001 2176 1044 2261 μὴ
1057 2173 1218 2259 Ῥωμαίοις
1232 2167 1328 2238 κατά-

245 2281 338 2363 δηλος
355 2281 665 2367 ἐπιστρατευσάμενος
689 2284 830 2367 γίνηται,
857 2272 910 2366 ἧκε
933 2282 1061 2361 πλησίον
1075 2275 1234 2361 Ἀβάρων,
1267 2299 1328 2356 χω·

247 2383 313 2461 ρίου
338 2383 418 2459 τινὸς
440 2389 614 2473 Περσικοῦ·
643 2381 798 2473 άπηίκιστο
820 2385 967 2449 δὲταῦτα
988 2383 1233 2466 Κιρκησίουταῦ
1254 2376 1365 2442 ‘Po-2⁰

245 2486 346 2566 μαίων
366 2490 555 2570 πολίσματος
576 2488 663 2555 πίντε
679 2484 752 2554 δδδν
774 2484 905 2573 ἡμεροῦν.
956 2484 1074 2550 scindo
1088 2475 1331 2566 μένἈδορμαά-

247 2602 303 2669 νην
318 2584 399 2654 οὕτω
420 2587 607 2675 καλοῦμενον
628 2587 818 2676 στρατηγόν,
850 2589 904 2666 τὸν
920 2583 1086 2669 Νῦφράτην
1107 2576 1332 2665 δίαπεραιωσά-

247 2703 341 2770 μενον
360 2693 497 2773 ποταμὸν
518 2693 658 2775 ἐκπίμπει
679 2692 735 2773 την
747 2691 904 2766 Ῥωμαίων
928 2686 1123 2771 λη’ίσόμενον,
1147 2684 1180 2762 ’ἐξ
1196 2690 1214 2749 δ
1221 2685 1230 2709 ’
1249 2683 1332 2770 αὐτῷ

246 2788 387 2873 χιλιάδας
409 2790 564 2860 ὁπλιτικοῦ
586 2794 819 2876 συνεξίπεμπεν·
846 2789 939 2865 αῦτέις
955 2790 989 2856 δ’
1014 2787 1031 2855 d
1048 2795 1111 2854 τῶν
1126 2792 1259 2870 Περσῶν
1272 2793 1332 2868 βα·

248 2892 351 2970 αιλεδς
367 2898 565 2982 παραμείβίαν
582 2897 635 2962 τὸν
647 2896 800 2982 Ἀββοράν
815 2891 954 2975 ποταμὸν
975 2894 1154 2969 ἐξαπιναίως
1170 2893 1327 2971 ἐπιστῆναι
1339 2896 1367 2954 25

250 3004 313 3073 τοῖς
335 2997 391 3080 τὴν
416 3001 541 3083 Νίσιβιν
562 3004 759 3086 πολιορκοῦσι
778 2995 938 3080 Ῥωμαίοις
961 2992 1192 3078 ἐπαλαμήσατο.
1245 2976 1344 3075 δμένΙ

274 3258 461 3329 opuietionibus
483 3265 511 3317 et
531 3260 730 3333 expilationibus
752 3259 817 3315 sneie
841 3264 906 3314 tono
927 3258 1029 3313 Persidi
1052 3259 1148 3312 iectu·
1164 3262 1213 3309 est.
1248 3253 1336 3308 Iustiui

264 3330 415 3396 inperatoris
433 3346 498 3384 enno
514 3330 641 3400 sequenti,
659 3328 791 3385 binrciuuo
809 3329 923 3382 deiectus
940 3330 1051 3381 habente
1068 3336 1094 3381 et
1110 3346 1142 3381 ox
1158 3324 1256 3395 oppido
1270 3326 1336 3376 iture

254 3398 411 3466 prodeunte,
436 3399 604 3467 berberisque
620 3400 692 3453 iuste
710 3398 818 3453 Nisibiru
835 3398 1012 3460 tendentibus,
1036 3396 1157 3466 praetium
1175 3413 1258 3465 prcpc
1276 3395 1335 3445 Ser·

254 3467 357 3531 getbuuu
374 3468 469 3533 (iocum
493 3485 509 3520 e
534 3466 621 3521 Persis
644 3466 681 3520 ite
704 3467 870 3535 nominetusn)
895 3467 1075 3521 committitur:
1097 3466 1204 3518 Persec-
1220 3463 1337 3515 Romanis

255 3532 319 3585 duct
335 3551 430 3590 nouus.
464 3538 508 3604 qui
525 3537 616 3589 deiude
632 3537 798 3591 Thebotbusn
814 3536 944 3588 cesteiiuun
962 3536 1092 3587 Persicum
1108 3535 1260 3598 cingendos,
1284 3546 1338 3583 cun

256 3617 306 3670 per
323 3602 378 3655 dies
396 3602 488 3657 multos
505 3605 651 3659 continuete
667 3603 857 3675 oppugnatione
872 3604 934 3657 nihii
952 3604 1124 3674 proficerent,
1141 3604 1235 3654 lieren
1252 3616 1282 3653 se
1300 3618 1340 3651 re·

256 3670 379 3723 tuterunt.
414 3679 474 3741 post
497 3688 593 3725 rursum
616 3674 642 3727 in
667 3675 777 3727 bostium
802 3679 886 3726 ternus
910 3673 1061 3725 insedentes
1079 3670 1164 3725 Nisibi
1183 3670 1339 3738 liiygdouiec

257 3740 323 3791 urbe
340 3739 417 3808 potiri
435 3740 608 3801 constituunt,
632 3743 841 3812 querundrnodusu
857 3743 885 3795 in
902 3740 1027 3795 mundetis
1044 3742 1077 3792 nb
1094 3740 1247 3807 imperatore
1267 3754 1340 3789 ecce-

258 3817 359 3875 pereut.
393 3808 520 3862 chosroes
546 3819 629 3862 eutens
652 3812 753 3872 senior,
776 3811 909 3863 Persarum
931 3827 999 3874 res,
1021 3826 1078 3861 cun
1104 3807 1185 3880 copiis
1209 3806 1341 3873 ltebyione

257 3876 405 3942 discedens,
429 3877 538 3931 traiecto
562 3878 638 3947 Tigri
660 3879 820 3932 solitudines!
845 3879 989 3947 ingressus,
1008 3896 1040 3931 nc
1056 3894 1089 3931 ne
1105 3878 1132 3930 iu
1150 3877 1278 3928 Romuuos
1294 3872 1339 3924 du·

258 3961 319 3999 cere
336 3945 543 4015 conspiceretur,
566 3962 613 4015 per
637 3964 692 4029 enin
710 3948 910 4031 propfedieusp·
921 3949 954 3999 ed
972 3946 1091 4029 oppidum
1110 3945 1239 4028 quoddam
1256 3940 1338 3994 Persi·

259 4028 328 4135 tt:
345 4014 598 4137 districtiu
616 4018 1150 4152 instititutis&iiiut?
1160 4014 1340 4149 άὶἷῗίίλῗι

260 4148 429 4205 Rornanorum
454 4152 610 4219 provincieiu
628 4169 685 4205 curn
707 4170 753 4205 sex
770 4151 878 4206 millibus
894 4151 1022 4221 proticisci
1038 4152 1127 4204 iubet:
1144 4149 1201 4218 ipse
1220 4148 1341 4201 obhorrent

262 4217 356 4273 dunen
372 4220 532 4291 proeterieus
548 4222 677 4276 Romanos
698 4220 810 4276 Nisibin
836 4221 983 4277 obsidentes
1005 4220 1141 4292 repentino
1163 4218 1274 4271 eduemu
1296 4233 1340 4288 op
