2817 4742
205 386 231 456 6
681 386 829 455 ΡΗΟΤΠ

204 556 437 645 παραδίδωκεν,
464 552 602 643 δριατεία
614 581 648 624 τε
664 561 720 641 τῆς
728 554 886 640 Ῥωμαίων
898 551 1074 640 δυνάμεως,
1098 556 1150 621 καλ
1162 553 1246 634 δπως
1258 558 1297 623 νδ

205 660 286 728 κατδ
313 658 370 747 τὴν
397 656 645 747 Μαρτυρόπολιν
672 657 690 727 ὁ
716 662 850 747 Περσῶν
877 658 1050 747 ατρατηηδς
1072 655 1294 746 κατεπόρθησε.

204 764 349 847 πρεσβεία
363 786 397 829 τε
410 766 543 850 Περσῶν
554 762 632 853 πρδς
640 758 811 847 Ῥωμαίους
822 759 930 853 πριότη
942 764 994 829 καλ
1009 760 1147 850 δευτίρα.
1196 768 1297 829 ταῦτα

202 867 261 950 μέν
277 866 309 933 ίν
323 872 368 956 τῷ
383 861 496 956 πριότῳ
511 862 603 957 λόγῳ.

307 970 343 1039 2.
392 966 443 1035 Ἐν
464 970 499 1037 δὲ
514 976 559 1062 τῷ
582 967 715 1058 δευτίριρ
737 962 940 1063 διαλαμβόνει
961 968 1030 1056 πιρλ
1050 972 1109 1035 τοῦ
1127 965 1220 1054 δρους
1240 972 1319 1036 τοδε

202 1066 314 1153 Ἰζαλό,
331 1072 405 1158 περί
413 1096 446 1139 τε
458 1078 514 1157 τῆς
527 1073 607 1140 κατὰ
621 1072 675 1139 τδν
691 1071 902 1159 Καρδαρηηιλν
915 1070 970 1138 τδν
985 1078 1047 1138 τῶν
1056 1076 1190 1158 Περσῶν
1202 1094 1299 1159 ατρα-

205 1173 299 1260 τηγδν
320 1172 506 1254 ἀλαζονείας.
559 1174 643 1253 ὅπως
664 1199 698 1240 τε
721 1179 907 1241 matrum&
929 1200 962 1241 τε
984 1177 1034 1240 καί
1049 1171 1207 1257 Ῥωμαίων
1222 1173 1300 1261 πρδς

205 1276 259 1344 τδν
281 1277 495 1365 Καρδαρηγδν
514 1280 565 1345 καί
586 1278 715 1373 Πίρσας
732 1274 818 1363 μόχη
840 1280 909 1361 περί
930 1276 967 1344 cd
983 1274 1141 1363 ’Λρζόριων
1155 1277 1296 1359 συνίστη,

204 1382 255 1446 καί
277 1376 361 1457 ὅπως
382 1376 399 1446 ό
426 1381 609 1458 Φιλιππικδς
630 1380 687 1484 τὴν
703 1379 935 1466 ἀχειροποίητον
952 1375 1052 1447 ιλκόνα
1067 1380 1170 1468 φέρων
1186 1377 1299 1468 περιῄει

204 1479 400 1567 καθαγιόζων
417 1483 454 1549 cd
473 1480 670 1570 στράτευμα,
696 1485 747 1547 καί
765 1480 807 1557 ὥς
823 1484 890 1566 νίκη
901 1480 1128 1569 ίπιφανεστότη
1142 1477 1212 1549 τότε
1223 1480 1297 1551 Ῥω·
1307 1495 1337 1547 10

204 1585 304 1668 μαίων
318 1584 444 1671 ίγίνετα,
472 1582 557 1663 ὅπως
569 1610 602 1653 τε
615 1580 637 1669 ἦ
650 1582 880 1670 δχειροποίητας
892 1582 970 1668 πρδς
984 1582 1152 1670 §unanimo
1164 1586 1219 1652 τὸν
1233 1586 1300 1650 Inl-

207 1711 325 1753 ακοπον
340 1686 468 1772 Ἀμίδης
485 1688 563 1774 μετὰ
585 1684 828 1772 σεβασμιότητας
846 1686 1073 1755 όποστίλλιται.
1125 1684 1301 1754 σκυλεόεται

206 1791 241 1857 δὲ
251 1786 312 1856 δπδ
324 1786 481 1875 Ῥωμαίων
496 1792 532 1858 τδ
544 1788 726 1878 βάρβαρον,
751 1791 802 1855 καλ
825 1787 926 1877 ηεόγει
944 1786 962 1856 ὅ
978 1789 1191 1875 Καρδαρηγδν
1202 1792 1250 1854 tut
1262 1790 1298 1857 τδ

205 1888 335 1979 Δαρός,
362 1896 413 1958 καὶ
428 1891 511 1970 ὅπως
524 1895 554 1962 oi
568 1896 710 1979 Δαρηνολ
724 1892 855 1960 dulcori
870 1892 980 1971 ι’ίστεος
993 1890 1300 1975 αὗτδναλποπίμιιον-

206 2020 258 2059 ται
274 1994 326 2061 διὰ
340 1994 376 2061 τό
389 1995 469 2060 κατὰ
485 1992 598 2081 κρότος
617 1994 800 2080 ἡττηθῆναι.
853 1992 937 2071 ὅπως
951 2020 983 2062 τε
999 1993 1015 2064 ὅ
1028 1992 1186 2079 Ῥωμαίων
1202 2008 1337 2081 napa-16

102 2142 104 2149 ·
206 2093 318 2181 τιιότης
336 2096 373 2164 cd
393 2102 485 2181 σῶμα
504 2098 727 2185 κατετίτρωτο·
751 2090 791 2182 ἦν
812 2099 846 2164 δι’
864 2104 921 2181 τῆς
940 2104 1003 2165 τῶν
1018 2095 1300 2185 Κουαρτοπόρθων

206 2196 323 2276 τάξεως
329 2247 340 2280 ,
367 2198 449 2266 οὕτω
472 2200 667 2285 καλουμίνων
688 2206 752 2268 τῶν
767 2200 800 2266 δν
816 2201 930 2289 Βεροίᾳ
946 2198 1031 2268 πόλει
1044 2206 1101 2285 τῆς
1115 2203 1232 2289 Συρίας
1245 2202 1301 2278 τὰς

208 2300 370 2385 διατριβὰς
385 2303 584 2385 ποιουμένων.
631 2305 703 2389 περί
714 2329 746 2367 τε
762 2310 817 2387 τῆς
829 2303 1040 2388 ἐπιστρατείας
1047 2294 1206 2389 Ῥωμαίων
1220 2305 1300 2371 κατὰ

206 2410 263 2487 τῆς
278 2402 480 2491 Ἀρζανηνῆς,
513 2408 566 2472 καὶ
589 2402 674 2482 ὅπως
692 2408 877 2492 Μαρουθᾶς
898 2406 949 2469 καὶ
966 2402 1083 2488 ’διόβιος
1107 2408 1137 2472 oi
1159 2404 1302 2494 ἡγεμόνες

207 2506 304 2592 αῧτῇς
327 2506 534 2591 αὐτομολοῦσι
553 2506 630 2597 πρὸς
658 2508 840 2574 Φιλιππικὸν
861 2509 913 2573 καλ
932 2505 1112 2591 Ῥωμαίους.
1165 2512 1217 2575 καὶ
1232 2512 1339 2595 crepito

206 2616 263 2694 τῆς
278 2611 432 2694 ἰδιωτικῆς
446 2606 604 2695 δυνάμεως
619 2617 675 2694 τῆς
688 2610 971 2699 συναθροισθείσης
983 2607 1044 2677 όπδ
1058 2616 1115 2686 τοῦ
1127 2613 1300 2699 Καρδαρη·

206 2712 263 2799 γὰν
278 2715 320 2788 είς
333 2712 369 2779 ad
386 2714 577 2797 ίξαπατῆςαι
585 2710 764 2798 Ῥωμαίους.
816 2715 868 2780 καλ
884 2711 969 2791 ὅπως
979 2710 1160 2800 Ἡράκλειος
1172 2712 1189 2782 ό
1203 2712 1301 2802 Ἡρα-

208 2816 307 2881 κλειόυ
330 2821 386 2881 τοῦ
412 2815 639 2905 αὐτοκράτορος
658 2818 761 2901 πατὴρ
780 2814 840 2883 sind
861 2822 918 2883 τοῦ
942 2822 1126 2881 Φιλιππικοῦ
1142 2818 1190 2881 lui
1205 2844 1301 2883 κατα-

209 2924 308 3006 σκοπῇ
331 2924 393 2985 τιῖιν
419 2922 572 3002 πολεμίων
592 2919 777 2997 ἀποσταλείς
799 2916 983 3005 παραδόξως
1009 2914 1200 2999 διασώζεται.
1250 2923 1300 2986 καλ

207 3022 276 3107 περὶ
295 3021 442 3107 Ζαβίρτα
464 3029 520 3089 τοῦ
545 3023 690 3111 Πέρσου,
714 3026 765 3088 καὶ
786 3020 870 3099 ὅπως
889 3029 945 3105 τῆς
964 3027 1028 3089 τῶν
1042 3027 1222 3110 Χλαριαρῶν
1241 3033 1339 3090 rto-25

207 3250 282 3307 militi
303 3248 508 3322 depraedandam
525 3251 576 3307 dux
593 3252 723 3307 Romanus
738 3254 872 3323 permittit.
907 3271 923 3306 a
939 3252 1051 3307 bellandi
1068 3252 1160 3323 peritia
1177 3270 1301 3307 commen·

207 3322 295 3375 datur.
330 3323 420 3392 Scipio
444 3322 580 3376 Africanus
602 3322 683 3377 maior
705 3323 821 3375 laudibus
845 3322 963 3377 effertur.
997 3324 1095 3375 Persae
1118 3322 1186 3374 haud
1211 3326 1302 3391 procul

201 3391 380 3474 ¹Martyropoli
403 3399 563 3461 grassantur.
605 3408 693 3446 corum
716 3393 750 3445 ad
773 3392 901 3446 Romanoa
924 3389 1029 3461 legatio.
1069 3390 1202 3445 llactenua
1234 3392 1300 3445 liber

201 3476 312 3581 wll·
336 3528 411 3583 Mona
433 3530 514 3583 Izala.
547 3528 721 3597 cardarigani
738 3528 873 3583 Persarum
890 3530 964 3582 ducis
980 3530 1138 3599 arrogantia.
1173 3530 1300 3583 Romano-

208 3612 264 3648 rum
289 3614 345 3649 cum
369 3600 456 3651 Persis
480 3598 548 3667 apud
565 3602 731 3651 Arzamonem
747 3598 849 3651 fluvium
867 3615 1026 3667 congressus.
1061 3598 1222 3667 Philippicas
1237 3598 1300 3650 inra-

209 3663 294 3731 giucm
318 3682 370 3717 non
393 3667 564 3719 manufactam
588 3678 694 3737 portans
719 3668 897 3721 circumeundo
923 3668 1061 3720 exercitum
1085 3668 1248 3731 corrodunt,
1273 3676 1301 3719 et

208 3731 318 3786 Romani
343 3733 454 3787 victoria
475 3734 612 3788 clarissima
635 3738 774 3808 potiuntur.
810 3737 898 3789 eadem
920 3736 1005 3802 inrogo
1021 3736 1054 3789 ad
1071 3736 1213 3789 Simeonem
1231 3735 1300 3788 Arni-

210 3802 260 3857 dae
277 3801 427 3855 Antistitem
450 3804 638 3860 transmittitur.
673 3806 844 3859 Barbarurum
870 3805 952 3874 spolia
973 3804 1080 3857 Romani
1101 3805 1199 3872 legunt.
1233 3804 1299 3856 Car-

209 3870 350 3940 darlganus
373 3871 469 3924 Duram
498 3874 647 3941 confugiens
678 3882 709 3927 ut
740 3874 823 3925 victus
854 3874 949 3945 oppido
971 3891 988 3926 a
1010 3872 1120 3926 Darcnis
1144 3871 1298 3927 excluditur.

210 3939 320 3994 Romani
336 3940 423 3994 militis
448 3958 463 3993 e
491 3941 597 3994 cohorte
614 3944 864 4013 Quartopartlrorum
895 3942 954 4008 (sic
978 3944 1045 3995 enim
1069 3939 1230 3993 nominantur
1255 3943 1299 4009 qui

209 4007 357 4064 Berrlrocac
374 4010 400 4063 in
417 4010 481 4062 urbe
496 4009 590 4077 Syriae
612 4012 816 4079 commorantur)
843 4029 936 4079 corpus
959 4012 1131 4065 vulneratum.
1164 4008 1191 4059 in
1215 4011 1299 4078 regio-

210 4094 267 4131 nem
285 4082 434 4133 Arzanenen
451 4079 620 4131 Romanorum
645 4080 785 4147 expeditio.
819 4080 954 4134 Marutltas
979 4088 1007 4133 et
1030 4080 1118 4131 lobias
1143 4078 1222 4130 ducas
1245 4080 1300 4133 eius

208 4146 245 4200 ud
267 4147 439 4218 Philippicum
462 4146 647 4217 transfugiunt.
682 4148 841 4216 cardarigas
862 4150 923 4203 belli
948 4150 1025 4201 rudes
1050 4146 1083 4199 nd
1106 4146 1232 4199 Romanos
1248 4149 1299 4199 cir-

210 4217 406 4272 cumveniendoa
428 4217 575 4271 conscribit.
610 4216 749 4269 Heraclius
771 4218 885 4271 Heraclii
902 4218 1013 4283 Augusti
1031 4223 1105 4284 pater
1123 4232 1139 4267 a
1155 4216 1239 4287 Philip
1258 4218 1299 4269 ico

210 4284 298 4339 hortas
315 4288 473 4358 exploratum
491 4287 590 4350 missus,
607 4286 756 4340 mirabiliter
772 4296 900 4341 servatur.
934 4288 975 4340 Dc
993 4287 1105 4338 Zabcria
1122 4284 1210 4337 Persa.
1269 4304 1300 4337 o·

210 4355 277 4412 mani
291 4372 311 4419 ¹a
328 4356 434 4412 castello
451 4356 586 4412 Chlomaro
602 4356 761 4413 obsidionem
777 4359 915 4413 obstineat.
951 4354 1090 4427 Philippici
1116 4356 1250 4427 repentina
1272 4364 1300 4407 et
