2817 4742
240 332 315 405 210
626 330 952 401 'I‘HEOPHYLAG'I'I

241 502 350 587 τορικόι
377 507 519 588 σκῆπτρα
540 500 747 588 γεραίρεσθαι.
802 498 936 589 ὁρῶντες
956 506 1030 588 γοῦν
1051 504 1083 569 οἶ
1104 505 1217 587 Μῆδοι
1235 499 1334 590 dadon

136 628 159 685 Ρ
177 626 228 687 124
243 615 288 700 τῷ
301 601 433 693 Χοσρόῃ
446 601 506 670 sind
522 611 579 671 τοῦ
596 603 827 691 αὐτοκράτορος
838 602 928 689 ῥάμη
952 604 1160 691 περιεκέχυτο,
1184 606 1242 691 τὴν
1254 606 1335 693 γνά-

241 737 305 795 μην
317 704 651 792 μεταναστεοσάμενοι,
674 710 793 794 χαίρειν
806 704 983 794 φράσαντες
1000 712 1038 794 τῇ
1050 711 1208 795 τυραννίδι
1224 735 1336 795 προσε-

240 808 364 898 χώρουν
376 806 516 898 Χοσρόῃ.
569 812 620 876 καί
642 818 698 876 τοῦ
715 813 773 894 μέν
796 810 913 894 Βαράμ
928 806 1078 897 ὁσημέραι
1092 808 1128 876 τό
1142 814 1334 895 συμμαχικόν

243 913 423 999 sarnecho
431 962 442 994 ,
468 920 513 1003 τῷ
529 914 564 977 δὲ
575 910 707 1000 Χοσρόῃ
721 914 800 979 κατά
816 920 892 980 νοῦν
902 909 1008 999 ἐχώρει
1021 913 1063 978 τὰ
1074 909 1253 1000 πράγματα,
1279 925 1355 981 κα-5

243 1016 496 1100 ταλιποινομένης
518 1016 679 1103 crispioris
700 1013 869 1099 δυνάμεως.
922 1018 1089 1082 διανοεῖται
1115 1023 1192 1101 γοῦν
1214 1042 1337 1102 παρασ-

243 1122 313 1187 τίιια
336 1108 484 1204 Χοσρόης
504 1124 628 1201 βασιλεῖ
644 1122 815 1209 Μασρικίῳ
840 1115 1047 1205 εόνονστάτην
1068 1123 1180 1204 πρᾶξιν
1203 1121 1336 1197 ἐνδείξα-

242 1230 331 1290 σθαι.
383 1221 432 1287 διὸ
454 1223 487 1285 έν
508 1226 652 1307 βασιλικῇ
676 1222 815 1313 διφθέρᾳ
837 1222 895 1304 τὴν
908 1218 1122 1308 πόλινΔάρας
1136 1213 1273 1306 όπῆιιοον
1288 1225 1336 1307 ε’γ-

242 1322 393 1413 γράφεται
414 1332 526 1409 προῖκα
547 1326 717 1413 Μαορικίρι
738 1331 783 1413 τῷ
805 1322 1009 1411 αὐτοκράτορι
1016 1374 1026 1405 ,
1052 1321 1107 1391 τόν
1121 1350 1155 1391 τε
1168 1324 1335 1408 Δολαβζάν

241 1428 297 1495 τόν
320 1422 499 1513 σατράπην,
527 1423 626 1513 άνδρα
645 1424 858 1510 άπόβλεπτον,
893 1428 926 1504 ές
944 1424 1116 1507 Βυζάντιον
1144 1428 1261 1493 στέλλει
1281 1428 1368 1502 rosso
1391 1415 1392 1488 i

242 1535 322 1606 κλεῖς
334 1524 492 1609 οἰσόμενον
508 1535 565 1595 τοῦ
581 1531 772 1613 πολίσματος
786 1526 843 1612 τήν
863 1554 897 1595 τε
914 1530 946 1596 έν
968 1526 1129 1617 γράμμασι
1149 1527 1280 1617 δωρεάν.
1318 1526 1334 1595 ό

243 1634 299 1716 μέν
320 1623 375 1698 οὖν
403 1631 538 1717 πρέσβος
571 1633 620 1697 ε’πί
642 1632 678 1699 τό
699 1634 855 1715 βασίλειον
876 1630 956 1698 άστιι
983 1629 1144 1719 γενόμενος
1167 1635 1334 1719 παρεδίδου

239 1732 400 1818 Ῥωμαίοις
418 1732 454 1799 τό
481 1731 640 1817 πόλισμα,
674 1738 725 1801 καί
748 1738 779 1812 ές
800 1731 910 1821 λόγους
929 1737 1008 1822 πρός
1035 1736 1090 1801 τόν
1120 1733 1335 1823 αὐτοκράτορα

240 1828 330 1920 ἧκεν·
357 1834 422 1902 ὅδὲ
435 1837 580 1917 βασιλεὺς
594 1844 650 1902 τοῦ
662 1836 833 1923 Ῥωμαϊκοῦ
849 1836 963 1925 δώροις
981 1844 1150 1921 βασιλικοῖς
1162 1834 1335 1923 μεγαλάνας
1391 1869 1392 1912 1

240 1939 296 2006 τόν
311 1934 496 2021 Δολαβζάν,
527 1940 584 2022 τὴν
608 1946 671 2006 τῶν
694 1942 1009 2026 προαπσργελθέντων
1028 1937 1152 2029 άχάροιι
1168 1943 1222 2007 καί
1241 1932 1367 2015 οὗθιςίὸ
1391 1979 1392 2028 i

242 2037 426 2125 ὑπόσχεσιν,
447 2043 544 2106 παῖδα
557 2040 705 2129 Χοσρόην
720 2043 895 2112 duamur.

196 2134 200 2142 ⁴
350 2140 385 2210 4.
433 2139 471 2207 Ὁ
483 2144 516 2205 δὲ
529 2142 676 2225 Χοσρόης
690 2148 733 2218 είς
745 2144 782 2209 τό
799 2141 957 2229 Σιγγάρων
968 2142 1131 2231 (Μηδικόν
1144 2145 1180 2208 δέ
1194 2143 1231 2208 τό
1242 2140 1334 2227 άστα)
1391 2145 1392 2214 i

246 2239 288 2311 τά
307 2268 340 2308 τε
353 2239 471 2332 ,γόνοιο
490 2246 541 2307 καί
561 2243 636 2319 τοὺς
656 2248 771 2321 παῖδας
788 2247 1048 2332 κατησφαλίζιτο·
1074 2242 1335 2331 ἕχοριάτατονμάρ
1391 2225 1392 2258 ³

240 2343 441 2414 oriciorum!
463 2340 523 2409 sind
545 2352 603 2427 τῆς
626 2343 728 2433 ἴριδος
748 2344 1051 2434 περιφρονροάμενον
1072 2349 1123 2411 καί
1144 2346 1254 2428 ἣκιστα
1270 2357 1334 2423 τοῖς
1391 2355 1392 2392 i

241 2447 397 2530 πολεμίοις
416 2442 554 2526 ἁλωτόν,
587 2454 631 2537 τῷ
652 2446 820 2539 ναταάχμῳ
844 2457 900 2532 τῆς
922 2446 1095 2535 ὖδρεάσεως
1108 2451 1245 2536 πεφυκός
1258 2449 1367 2537 πρδςδ)

243 2549 422 2633 πολιορκίαν
450 2544 625 2632 ἀπρόσιτον.
675 2552 754 2631 μετὰ
777 2558 871 2615 τοῦτο
896 2548 1033 2636 Μεβάδῃ
1053 2548 1255 2634 προστάττει,
1284 2554 1334 2615 καλ
1391 2597 1392 2644 p

244 2653 402 2734 δισχιλίοις
415 2648 449 2714 έκ
462 2655 519 2715 τοῦ
539 2645 696 2716 ὁπλιτικοῦ
717 2646 907 2738 περιφράξας
929 2650 1025 2716 αὐτόν
1038 2649 1089 2715 διά
1102 2658 1159 2716 τοῦ
1176 2649 1333 2738 Σιγγάροιν
1391 2657 1392 2726 i

242 2758 410 2838 νομοθετεῖ
425 2752 456 2829 ές
476 2752 515 2817 τὰ
536 2754 677 2835 βασίλεια
699 2757 869 2835 είσβαλεΐν,
891 2749 946 2819 τόν
961 2779 994 2819 τε
1008 2749 1068 2819 άπὸ
1084 2760 1141 2820 τοῦ
1155 2755 1271 2841 Βαράμ
1285 2781 1333 2840 γε·
1391 2733 1392 2820 i

206 2882 230 2937 c
246 2852 373 2941 νόμενον
387 2852 511 2942 φάλαινα
531 2862 593 2921 τῶν
614 2854 793 2944 ἀνακτόρων
808 2852 1049 2942 διαχρήσασθαι.
1101 2853 1118 2923 ὅ
1136 2859 1171 2922 δέ
1184 2855 1333 2947 τύραννος
1391 2847 1392 2942 ]

244 2958 303 3029 osis
317 2968 382 3033 τοῖς
392 2953 552 3041 Ῥωμαίων
566 2951 719 3045 τάγμασιν
733 2956 857 3027 ἐπιόντα
867 2955 1020 3043 Μεβόδην
1032 2958 1237 3044 μεμαθηκώς,
1261 2976 1365 3030 σαν-25
1391 2963 1392 3024 i

138 2216 232 2275 v222

246 3127 329 3177 torem
353 3136 427 3174 suum
451 3119 576 3174 honorare
598 3137 653 3176 mos
669 3126 719 3176 est
753 3122 885 3178 intuentes
901 3124 998 3176 Persae
1014 3140 1090 3192 quam
1106 3127 1239 3193 potentem
1255 3124 1333 3195 impe-

246 3198 320 3247 rator
337 3189 469 3242 Chosroen
485 3189 654 3255 reddidisset,
671 3210 687 3245 a
704 3202 815 3261 tyranno
833 3193 866 3245 sd
885 3192 940 3245 eius
958 3202 1047 3259 partes
1070 3194 1231 3247 commutatis
1247 3197 1335 3247 volun·

246 3259 343 3314 tatibus
360 3260 501 3322 accedunt,
527 3265 555 3312 et
572 3260 674 3313 Varsmi
690 3260 807 3313 exercitu
825 3260 980 3330 quotidianis
992 3260 1178 3315 deiectionibus
1195 3264 1333 3327 inminuto,

247 3328 380 3383 Gbosrose
402 3327 522 3381 adauctis
546 3327 628 3397 copiis
655 3345 696 3381 res
719 3346 752 3381 ex
776 3330 903 3382 sententia
929 3328 1093 3398 procedebat.
1121 3348 1191 3394 ‚mox
1215 3343 1332 3401 quantam

247 3403 337 3467 posset
354 3396 477 3449 adversus
494 3396 645 3450 Mauricium
668 3397 871 3451 benevolentiam
893 3397 945 3449 sibi
962 3397 1146 3451 declarandam
1155 3406 1286 3466 statuens,
1306 3403 1332 3453 in

247 3464 392 3519 membrana
409 3465 482 3533 regis
507 3466 601 3517 Dorum
626 3466 652 3519 ei
673 3468 756 3535 gratis
772 3466 936 3529 transcribit,
961 3472 990 3519 et
1004 3465 1180 3520 Doiabzanum
1197 3475 1333 3539 satrapam,
1391 3523 1392 3530 ,

247 3532 331 3587 virum
347 3532 487 3598 illustrem,
503 3532 655 3601 Byzantium
673 3552 728 3589 cum
746 3536 860 3588 clavibus
876 3534 965 3606 oppidi
983 3536 1202 3606 instrumentoque
1218 3539 1333 3592 donabo-

248 3600 290 3656 nis
315 3599 402 3653 mittit.
435 3602 536 3668 legatus
556 3602 584 3654 in
609 3605 697 3657 urbem
720 3604 886 3674 inoperantem
912 3604 1045 3674 proiectus
1067 3605 1188 3657 Romanis
1211 3609 1330 3677 oppidum
1391 3601 1392 3614 ¹

249 3666 365 3731 addidits
381 3684 439 3721 cum
455 3668 609 3735 imperatore
627 3673 782 3737 collocutus,
806 3674 839 3726 ab
856 3691 886 3726 eo
904 3690 951 3742 pro
967 3673 1132 3739 imperatoria
1147 3674 1332 3743 magnificentia

248 3736 396 3795 muneribus
413 3737 602 3791 cohonestatur.
636 3749 767 3809 pactorum
784 3750 921 3809 praeterea
936 3740 1012 3793 fidem
1022 3740 1160 3811 imperator
1174 3746 1259 3798 denuo
1274 3758 1332 3794 cou-

248 3808 352 3870 firmat,
369 3809 397 3859 'ot
414 3806 545 3857 Chosroen
563 3805 639 3858 hlium
655 3808 777 3877 appellat.

317 3876 343 3929 4.
379 3874 508 3926 cnosroes
529 3872 665 3941 singarum
690 3876 809 3943 (Mediae
831 3891 876 3929 seu
892 3876 1006 3930 Persidis
1021 3879 1083 3931 urbs
1098 3882 1151 3946 est)
1169 3881 1293 3933 mulieres
1301 3895 1331 3931 ac

248 3942 346 3997 liberos
363 3959 422 3996 suos
439 3941 586 3996 securitatis
610 3959 686 3995 causa
708 3946 840 3996 transiert.
875 3953 915 3997 est
938 3945 1003 3999 enim
1026 3948 1205 4012 munitissima,
1230 3958 1259 4001 et
1275 3946 1329 4016 quin

249 4011 322 4064 simul
347 4020 526 4075 controversa,
553 4011 668 4065 custodia
689 4029 816 4081 nunquam
834 4023 929 4081 vacat,
953 4016 1054 4069 minime
1069 4019 1186 4070 hostibus
1202 4034 1328 4086 expugna·

249 4079 323 4145 bilia,
348 4098 378 4133 ac
405 4087 512 4150 propter
533 4080 640 4147 paludes
663 4080 785 4133 informes
809 4084 987 4138 obsessoribus
1008 4086 1147 4138 inaccessa
1181 4096 1243 4154 post
1270 4087 1327 4137 haec

248 4146 354 4201 Mobodi
371 4151 416 4201 dat
433 4148 562 4216 negotium
580 4158 608 4201 ut
625 4150 733 4218 sumptis
749 4150 847 4204 duobus
862 4162 1014 4207 armatorum
1031 4155 1156 4220 miilibos,
1175 4172 1223 4223 per
1239 4154 1327 4223 Singa·

248 4232 305 4267 rum
321 4215 346 4268 iu
364 4216 459 4284 regiam
477 4217 665 4286 ssessionem,
682 4219 801 4271 custodes
820 4221 920 4274 Varsmi
938 4224 1059 4276 trucidet.
1094 4232 1219 4291 tyrannus
1235 4231 1264 4277 ut
1275 4225 1328 4277 bie·

249 4282 339 4339 bodam
357 4302 413 4339 cum
438 4284 559 4338 [iomanis
579 4286 729 4340 cohortibus
752 4289 892 4345 adventure
913 4292 1054 4361 comparit,
1075 4299 1167 4347 coacto
1189 4294 1269 4348 milite
1289 4290 1327 4344 sni
