2817 4742
395 207 399 214 ’
490 256 782 326 acaunum.
1132 252 1178 332 '71

73 425 164 512 έρεῒν
189 426 242 491 καί
263 423 348 514 αὐτῷ
368 424 409 493 τά
428 421 568 510 έσόμενα.
619 427 656 495 sd
677 429 712 494 δέ
727 427 914 514 διαπρυσίως
928 429 964 496 τό
977 427 1087 514 μέλλον
1101 429 1179 498 ἀπο-

74 523 266 613 φοιβάζιται
275 577 286 608 ,
313 527 359 594 ὅτι
380 555 437 615 περ
465 530 591 607 ((ιιδτδς
604 530 644 598 οδ
659 534 708 597 καί
724 530 762 596 τά
777 531 818 596 σά
833 530 922 596 τέκνα
943 531 1179 618 ἀποκαρήσεσθε

72 627 327 714 ἱεριοθησόμενοι
348 638 498 716 κληρικαλκ
519 630 731 718 καταστήματι
755 634 803 697 inl
831 631 1059 721 αὐτοκράτορος
1079 640 1178 702 Βασι-

73 733 205 800 λείου.”
253 733 271 798 ii
288 736 338 798 καί
354 732 477 810 πάντως
492 736 669 822 ε’κβέβηκεν·
694 737 923 820 προσοχθίσεως
937 737 996 822 γάρ
1013 745 1214 821 βασιλικόςλ)

44 835 170 924 5αίιτῷ
187 832 423 921 προστριῳάσης
436 836 474 902 τά
489 844 545 921 τῆς
556 841 744 925 προφητείας
760 839 817 904 σόν
838 846 876 925 τῇ
897 848 953 905 τοῦ
968 842 1039 918 βίου
1054 847 1176 927 τελευτῇ

74 934 292 1018 πεπεράτωτο.
334 943 556 1023 παραπλησίως
570 934 626 1008 οίιν
643 944 693 1008 καί
707 937 827 1033 Νικήτῳ
842 943 900 1030 υἱῷ
913 949 967 1007 τοῦ
982 942 1101 1024 αὐτοῦ,
1128 945 1178 1008 int

74 1045 138 1104 τοῦ
161 1041 275 1105 εἰδικοῦ
297 1041 438 1126 σεκρέτου
458 1044 699 1134 καθηγουμένῳ,
725 1051 781 1110 τοῦ
797 1045 947 1126 βασιλέως
961 1044 1174 1131 έπιηοηηιόσαν-

73 1166 145 1217 τος.
200 1142 237 1208 οὗ
259 1143 322 1228 μὴν
344 1144 425 1210 ἀλλὰ
444 1147 495 1210 καί
513 1152 543 1211 Γ
541 1150 654 1236 εωργίῳ
677 1154 721 1236 τῷ
740 1147 796 1222 τὰς
817 1147 1037 1232 στρατιωτικάς
1052 1148 1176 1224 δέλτους

73 1245 324 1335 πεπιστευμένῳ,
350 1248 383 1324 έξ
397 1238 440 1313 ὧν
453 1247 646 1316 άπεκτάνθαι
659 1256 703 1337 τῷ
720 1245 798 1335 ξίφει
813 1252 861 1314 ini
877 1247 1029 1337 σφενδόνῃ
1041 1258 1079 1337 τῇ
1093 1248 1172 1315 κατά

36 1353 137 1410 1οτοὕ
161 1347 286 1413 ἱππικοῦ
307 1349 518 1434 ἀγωνίσματος
537 1355 587 1417 καὶ
612 1359 716 1418 πᾶσαν
737 1351 833 1418 αὐτοῦ
851 1351 981 1436 ὕπαρξιν
998 1355 1112 1441 ταμείῳ
1128 1358 1173 1442 τῷ

72 1455 230 1539 βασιλικῷ
245 1450 442 1540 ἀνειλῆφθαι.
481 1454 560 1539 πρός
573 1451 693 1530 τοότοις
708 1456 836 1520 έπειπιῖν
848 1455 883 1520 τὸ
898 1455 1020 1540 γύναιον
1034 1462 1077 1544 τῷ
1094 1459 1174 1523 Θεο-

74 1555 162 1642 φίλῳ
184 1553 363 1636 άποβιοῦντι
386 1555 442 1640 τὴν
462 1559 621 1640 βασιλείων
639 1556 693 1624 τὸν
717 1557 813 1623 αὐτοῦ
827 1557 894 1622 vids
910 1557 988 1623 κατὰ
1006 1555 1211 1641 διαμοηίίμλλ

73 1655 138 1720 oda
157 1661 198 1743 τῇ
220 1652 351 1744 τικοόοη
369 1660 620 1744 προσδέξασθαι,
645 1656 686 1727 τά
708 1685 739 1726 τε
761 1658 837 1744 παρ’
854 1659 951 1725 αὐτοῦ
963 1656 1171 1744 χυδαιοόμευοι

72 1764 141 1823 τῶν
157 1754 281 1824 είκόνων
295 1757 478 1844 σεβάσματα
494 1760 587 1848 δόξης
599 1768 848 1848 μεγαλοπρεποῦς
867 1760 1047 1844 εότυχῆσαι,
1077 1757 1171 1828 αὐτόν

39 1869 65 1919 15
74 1885 109 1924 τε
131 1860 188 1931 τόν
209 1859 400 1948 πατριάρχην
426 1865 602 1948 καθαιρέσει
627 1869 855 1948 δίυβρισθῆνιιι.
908 1861 924 1929 ό
951 1857 1005 1929 οὖν
1027 1863 1172 1945 βασιλεῦς

69 1972 142 2036 τοῖς
155 1970 351 2046 προλεχθεΐσι
365 1968 414 2031 καί
428 1967 458 2030 έν
471 1964 571 2055 τοότῳ
584 1963 784 2050 πιστούμενος
796 1963 1027 2051 κατηγγυάσατο
1041 1963 1171 2052 despeci-

71 2088 121 2128 σει
136 2058 193 2145 τήν
209 2089 240 2128 τε
258 2065 356 2132 αὑτοῦ
369 2069 502 2154 γαμετὴν
517 2072 567 2136 καί
583 2069 635 2136 τὸν
652 2069 820 2154 λογοθέτην
837 2067 1019 2136 Θεόκτιστον
1037 2075 1092 2134 τοῦ
1108 2095 1170 2152 μη-

72 2165 127 2230 δέν
148 2162 324 2247 έτεροιῶσαι
339 2172 554 2254 τετολμηκέναι
570 2172 649 2255 μετά
666 2171 723 2258 τὴν
738 2169 833 2238 αὑτοῦ
854 2171 995 2253 τελευτὴν
1012 2177 1073 2237 τῶν
1088 2169 1166 2256 παρ’
1237 2216 1241 2226 ·

73 2264 175 2333 αὖτοῦ
195 2270 471 2352 ε’κτεθεσπισμένων
492 2273 528 2338 τό
550 2271 680 2338 σόνολον
687 2322 700 2354 ,
727 2276 778 2339 stul
793 2270 870 2357 μήτε
888 2275 941 2340 τόν
956 2271 1098 2356 Ἰωάννην
1113 2278 1169 2340 τοῦ

42 2378 296 2458 λδπατριαρχικοῦ
310 2375 465 2458 ἐξωθῆσαι
479 2371 657 2458 ίδρόματος.
1179 2387 1212 2441 V.
1230 2384 1264 2441 st

181 2473 248 2539 Οίοι
271 2475 392 2562 η’ρεμεῖν
413 2478 447 2542 δέ
470 2473 487 2542 δ
507 2467 653 2557 βασιλεδς
672 2477 811 2564 έκεκρίιιει
835 2473 881 2540 inl
902 2480 940 2562 τῇ
955 2480 1010 2542 τοῦ
1023 2474 1166 2562 Ἀμορίαν

75 2584 278 2663 καταστροφῇ
297 2584 438 2662 χαλεπῶς
460 2575 640 2662 άνιιόμενος·
667 2579 715 2645 διδ
732 2582 781 2645 καί
796 2577 910 2646 στέλλει
928 2578 1004 2661 πρός
1018 2578 1071 2644 τόν
1088 2577 1167 2666 ῥῆμα

77 2681 236 2765 Φραγγίας
257 2679 311 2746 τόν
329 2685 488 2769 πατρίκιοι
514 2679 680 2750 Θεοδόσιον
695 2680 750 2749 τόν
769 2683 802 2748 lx
817 2683 1034 2764 Βαβουτζίκων
1051 2680 1167 2768 φυέκτα

140 2873 418 3010 Ξὲξηαίησρουμέυφ
442 2875 475 2929 V.
594 2878 639 2931 20.
661 2871 803 2946 έξιοθῆυοιι
825 2876 858 2929 V.
978 2875 1021 2931 23.
1043 2876 1165 2947 liudone-

79 3117 175 3172 diceret
198 3117 293 3170 lutura.
328 3117 412 3185 Atque
437 3115 482 3171 illa
505 3116 575 3169 clare
598 3115 757 3170 vaticinatur
780 3116 841 3186 quid
865 3118 888 3169 oi
912 3123 1060 3170 orerrturum
1087 3123 1165 3180 esset,

78 3187 165 3240 diceus
181 3190 232 3238 “tu
250 3185 375 3254 liberique
392 3185 430 3238 tui
447 3184 623 3250 tundebimini,
640 3185 759 3238 sacrandi
778 3186 924 3239 clericorum
942 3186 1032 3237 nabitu
1046 3190 1074 3238 ot
1086 3191 1164 3248 statu,

79 3253 230 3326 imperatore
252 3253 381 3308 Besili0.”
415 3255 446 3307 ld
469 3255 539 3323 quod
561 3255 661 3306 omniuo
679 3255 796 3323 contigit.
832 3255 895 3306 Cum
915 3251 1023 3304 ostiaria
1042 3251 1165 3305 ollerrsio-

79 3341 132 3377 nem
156 3323 315 3393 imperatoris
336 3323 502 3388 incurrisset,
527 3321 669 3392 praedictio
686 3341 743 3376 oum
760 3324 830 3376 ritae
847 3323 898 3375 line
914 3321 989 3374 finem
1006 3321 1098 3373 sortita
1115 3327 1162 3374 est.

79 3393 196 3446 Similiter
218 3390 329 3444 Nicetao
353 3391 406 3443 lilio
431 3392 486 3444 eius
509 3391 617 3458 speciali
638 3401 740 3444 secreto
765 3390 928 3462 praeposito,
951 3407 1008 3442 curu
1023 3388 1163 3459 imperator
1230 3455 1233 3460 ι

80 3459 258 3513 intremuisset:
275 3478 322 3513 nec
339 3459 421 3512 minus
438 3459 553 3527 Georgio
571 3459 611 3512 cui
630 3459 755 3514 militares
772 3459 874 3514 tabulae
891 3458 1055 3513 concreditae
1072 3466 1162 3522 erant;

80 3529 132 3580 lore
154 3528 340 3582 interficeretur
362 3528 449 3596 gladio
472 3526 499 3578 iu
522 3527 702 3593 franscisci,
724 3530 855 3598 omnisque
872 3528 926 3582 eius
943 3527 1085 3580 substantia
1101 3526 1163 3578 lusco

80 3596 235 3666 imperatorio
258 3597 429 3650 addiceretur.
464 3596 574 3648 Praeter
596 3595 662 3650 haec
686 3597 816 3667 praedixit
837 3598 926 3652 mulier
951 3596 994 3648 illa
1017 3593 1162 3663 Theophila

81 3664 201 3736 inperium
228 3675 287 3734 post
309 3672 414 3718 mortem
441 3664 495 3717 eius
521 3664 601 3716 lilium
627 3683 673 3734 per
697 3667 769 3720 uices
792 3685 848 3722 curn
873 3673 954 3721 matre
975 3675 1161 3732 suscepturum,

81 3751 187 3803 quosque
204 3736 260 3802 ipse
279 3736 440 3803 profanasset
456 3732 592 3801 imaginum
609 3738 691 3788 cultus
708 3735 814 3802 gloriam
831 3736 953 3790 illustrem
971 3739 1162 3794 consecuturos,

82 3803 202 3872 ipsumque
220 3805 394 3870 patriarchani
412 3800 563 3856 delectionis
582 3802 712 3856 inlamiaru
730 3805 881 3858 subiturum.
915 3803 1004 3869 ltaque
1022 3801 1161 3869 imperator

82 3873 115 3926 lis
136 3870 349 3942 praedictionibus
375 3873 476 3940 penitus
499 3888 653 3948 persuasus,
681 3873 847 3928 iureiurando
878 3869 1029 3925 constrinxit
1057 3884 1160 3921 uxorem

82 3959 144 3995 suam
168 3950 193 3994 et
214 3940 394 3993 'l'lreoctistum
418 3942 589 4009 logothetam,
616 3951 645 3994 ut
661 3959 710 3994 nuc
727 3941 864 4010 quidquam
881 3939 979 3994 omnino
999 3945 1097 3990 mutare
1114 3953 1160 3988 ou-

82 4011 164 4063 derent
180 4017 237 4078 post
252 4009 307 4060 eius
325 4020 428 4063 sumtem
446 4027 529 4061 eorum
547 4026 614 4078 (puae
629 4010 688 4078 ipse
704 4012 841 4075 sanxisset,
858 4019 886 4063 et
902 4024 934 4060 ue
950 4007 1085 4061 lohannem
1104 4004 1161 4075 qui-

82 4075 129 4130 dem
148 4077 310 4148 patriarchali
326 4078 389 4130 sede
405 4078 538 4147 pollerent.

141 4147 218 4200 Porro
247 4147 386 4216 imperatur
414 4146 513 4200 minime
541 4145 721 4214 quiescendum
749 4147 799 4201 sibi
827 4162 884 4198 esso
910 4143 1028 4198 decreuit
1055 4148 1161 4214 propter

82 4212 167 4265 imarii
183 4217 349 4272 eversionem.
384 4216 475 4280 Quare
490 4215 570 4270 mittit
586 4216 620 4268 ad
638 4233 725 4285 regem
745 4214 871 4269 Frarrciue
887 4214 1061 4268 Theodosium
1078 4212 1161 4282 patri·
