2817 4742
227 296 277 364 58
693 297 857 366 GENESII

187 468 468 560 Οδιεσποαδακυίρι
489 468 662 555 ἀναγκαίως
678 468 756 554 πρδς
779 470 836 554 τὴν
854 467 1081 564 βασιλεύουραν
1102 466 1334 554 δναλύσαντσς,

224 579 270 662 τῷ
287 564 321 637 δὲ
338 567 491 664 Θεοφύβιρ
506 572 545 639 τὰ
559 580 623 638 τῶν
634 578 766 659 Περσῶν
786 572 1018 661 ἐγκεχειρικότος
1039 574 1208 640 διαθίσθαι
1224 598 1334 662 στρει-

223 680 355 760 τηγικιῦς
368 677 407 739 τὰ
422 672 639 761 στρατεύματα
646 726 656 757 ,
678 673 742 742 εἶτα
756 677 833 762 πρὸς
849 677 904 762 τὴν
915 679 1062 761 βασιλίδα
1079 684 1190 742 τοῦτον
1203 680 1333 743 ε’πανιί-

224 805 275 844 ναι
290 775 499 862 κελεύσαντος,
527 783 569 857 εἰς
584 779 716 846 ἀτοπίαν
729 780 758 846 oi
774 780 896 866 Πίρσαι
911 777 1183 869 προκεχωρήντσον
1200 784 1232 846 ιἰι
1245 805 1333 846 στα-

224 877 390 968 σιύφρονος
414 884 600 963 διαθίσειος,
628 885 678 948 καὶ
698 884 742 967 μὴ
761 879 871 949 ἑκόντα
885 885 1159 968 περιστοιχίσαντος
1171 885 1204 948 ἓν
1219 883 1358 968 μίρεσιό

224 987 387 1069 παραλίοις
402 993 458 1070 τῆς
471 987 698 1074 Παφλαγονίας
721 983 806 1076 (ἥτις
822 986 883 1052 elul
897 983 1110 1074 Παφλαγόνος
1122 986 1193 1052 υἱοῦ
1208 988 1335 1063 Φινέως

225 1093 282 1170 τῆς
302 1086 449 1173 τοιαύτης
470 1097 526 1176 γῆς
548 1087 791 1176 ε’γκρατῆσιινεος
812 1088 1008 1177 δγορεύεται)
1035 1093 1067 1155 ἓν
1090 1091 1269 1173 κατασχίσει
1296 1117 1334 1155 τε

225 1189 369 1277 Σινώπης
382 1200 439 1276 τῆς
453 1191 569 1270 πόλεως
583 1192 602 1279 ἢ
619 1191 699 1259 κατεί
713 1217 797 1270 τινας
808 1188 1011 1277 Ἀμείοτριδος
1025 1189 1180 1278 γεγονότες
1195 1194 1333 1275 βασιλέα

224 1293 446 1379 κηρύττουσιν,
473 1294 516 1373 ὡς
537 1299 571 1361 ίκ
596 1295 710 1363 τούτου
731 1299 780 1362 καί
802 1297 841 1363 sd
859 1301 991 1381 Περσῶν
1002 1299 1199 1374 Ιιιειινίζεσθαι
1217 1295 1330 1378 ἴθιμιι.

184 1407 209 1461 D
226 1398 322 1476 αύτδς
343 1400 377 1464 δέ
402 1398 567 1486 δυσφόρως
587 1400 663 1485 ἔχων
678 1401 755 1486 πρδς
768 1399 803 1466 sd
817 1401 996 1486 ἐγχείρημα,
1024 1393 1075 1462 οἷα
1090 1398 1135 1479 μὴ
1151 1399 1231 1464 κατὰ
1245 1396 1332 1484 γνυί-
1343 1413 1376 1463 10

223 1528 287 1584 μην
303 1502 390 1591 αύτῷ
403 1504 623 1588 πεπραγμίνον,
652 1507 755 1569 αἰτίαν
773 1503 879 1580 ιιύτοῒς
891 1503 1074 1590 προσίπλεκε
1091 1507 1148 1565 τού
1162 1498 1332 1585 τολμήμα-

223 1630 297 1685 τος,
325 1608 430 1682 δεινῶς
451 1605 725 1694 δπολοφυρόμενος
748 1609 800 1672 διδ
822 1612 933 1686 τούτο,
967 1599 1174 1671 νατεδυσοίπει
1198 1601 1330 1681 αύτούς,

223 1708 337 1772 ίκίτευί
361 1733 393 1773 τε
422 1712 473 1773 καί
500 1709 635 1791 ἐβιάζετο
659 1710 696 1776 τὸ
720 1709 839 1793 ιύμευίς
857 1707 1009 1792 βασιλίως
1033 1707 1246 1785 ίξιλεοῦσθαι,
1278 1714 1331 1770 καὶ

222 1810 325 1900 ι’ύσπιρ
341 1810 403 1894 ἕχον
418 1811 453 1878 sd
467 1811 602 1896 δληθίς,
629 1813 673 1897 μὴ
690 1810 776 1903 αύτῷ
796 1809 973 1899 ἐπιγράφειν
990 1816 1047 1877 τού
1060 1808 1262 1886 τελιοθίντσς
1278 1812 1330 1872 αι’-

221 1917 301 1981 τίαν.
354 1914 389 1980 οδ
409 1922 511 1982 ταῦτα
535 1915 776 2000 διηνουτισμίνοι
797 1913 967 2001 ἀπογνώσει
990 1939 1023 1978 τε
1043 1911 1246 1996 συσχεθίντες
1272 1913 1332 1978 oda
1342 1923 1373 1975 15

220 2013 349 2081 ἔλαττον
364 2021 414 2082 καί
429 2016 576 2101 μανιώδει
591 2025 676 2110 φορᾷ
690 2015 933 2102 συνειλούμενοι,
960 2015 1108 2099 οὐδαμῶς
1122 2021 1166 2104 τῷ
1182 2023 1332 2099 συμβου-

219 2116 348 2201 λεύματα
368 2121 548 2200 πείθονται,
575 2124 626 2185 καί
652 2123 732 2186 κατὰ
756 2122 791 2189 td
814 2122 943 2210 ἀρέσκον
966 2117 1073 2195 adroic
1092 2117 1332 2205 εύτρεπίζονται.

219 2228 276 2287 τοῦ
297 2222 331 2287 δὲ
356 2220 521 2310 Θεοφόβσυ
543 2225 706 2308 λαθραίως
724 2225 980 2308 διαπεμψαμίνου
1001 2222 1079 2310 πρὸς
1099 2221 1248 2304 βασιλία,
1279 2225 1332 2305 sy-

178 2323 351 2414 ltiypriporc
370 2352 402 2392 τε
420 2330 471 2392 καί
483 2325 585 2411 ὅρκοις
598 2327 647 2390 καὶ
665 2325 925 2411 φρικωδεστάτοις
943 2325 1209 2410 ίπισχυριζομίνου
1226 2320 1274 2397 ὦς
1290 2321 1331 2388 οὗ

218 2437 263 2518 τῷ
279 2431 465 2513 τολμηθίντι
479 2427 602 2504 πάντως
616 2427 710 2502 αύτδς
725 2429 914 2516 κατῃτίιοτο,
942 2427 1027 2510 παρδ
1042 2429 1077 2490 δὲ
1088 2433 1144 2506 τῆς
1160 2430 1223 2490 τῶν
1235 2429 1330 2512 Πιρ-
1339 2440 1372 2492 20

219 2539 282 2598 σῶν
304 2531 449 2615 εύηθείας
469 2532 488 2616 ἢ
511 2534 685 2620 φιλευνοίας
707 2539 800 2599 τοῦτο
824 2535 1022 2618 πεπρᾶχθαι,
1053 2524 1292 2615 φιλανθρώπως
1310 2525 1329 2593 ὃ

290 2733 314 2787 1.
330 2733 560 2789 aremarensem
579 2733 608 2785 L.
710 2735 737 2789 2.
754 2727 971 2801 ἐγκεχεισνμότος
988 2730 1018 2782 b.
1121 2727 1148 2780 4.
1165 2742 1331 2795 προσκεχω-

278 2799 408 2869 ρήκεσαν
426 2803 457 2855 L.
560 2800 860 2871 &repromissionum
877 2803 908 2855 [ι.
1013 2799 1054 2855 ll.
1072 2798 1278 2867 πεπραγμένων
1297 2797 1330 2850 1..

287 2868 601 3011 ὶὲυᾷτρφέρφροὸρενος
619 2875 649 2930 L.
701 2927 704 2932 ,
729 2873 792 2926 idid.
811 2873 885 2926 innuo
903 2868 951 2926 καί
968 2864 1112 2924 ἐδυσώπει.
1201 2869 1243 2922 15.
1265 2869 1328 2937 διφ-

219 3122 304 3169 aotem
328 3115 469 3183 imperator
495 3122 601 3184 propter
619 3130 722 3168 canum
740 3113 866 3183 quandam
883 3118 1015 3180 urgentem
1033 3108 1177 3164 necessario
1195 3107 1221 3159 in
1237 3107 1330 3174 impe·

217 3184 340 3238 satoriam
365 3185 453 3235 urbem
477 3186 644 3253 proficiscens
668 3184 830 3252 Tireophobo
848 3199 900 3236 rem
920 3185 1054 3234 Persarum
1072 3177 1269 3236 demandasset,
1298 3183 1331 3226 ut

217 3253 374 3308 exercitibus
398 3253 553 3313 auctoritate
576 3254 650 3305 ducis
674 3260 823 3320 praeesset,
846 3251 940 3304 deinde
965 3251 990 3301 in
1016 3246 1206 3317 imperatoriam
1230 3246 1329 3295 urlsern

216 3321 314 3377 reverti
337 3322 471 3386 iussisset,
494 3324 527 3374 ad
552 3321 713 3374 insolentiam
742 3320 853 3388 prolapsi
872 3326 932 3371 sunt
950 3318 1047 3369 Persae
1064 3314 1147 3368 animo
1165 3311 1329 3378 rebellandi,

216 3401 296 3462 atque
313 3392 420 3444 invitum
438 3390 654 3444 circumsistentes
671 3391 855 3458 Theophobum
874 3389 900 3440 in
920 3385 1053 3440 maritimis
1070 3383 1185 3452 pertibus
1203 3380 1329 3449 Paphla-

214 3462 309 3532 goniae
326 3463 415 3530 (quae
432 3479 447 3514 a
465 3461 632 3530 Paphlagone
649 3460 703 3512 filio
723 3459 813 3512 Phinei
832 3457 899 3509 illins
916 3464 1001 3508 torrae
1018 3452 1076 3505 olim
1093 3451 1196 3504 domino
1213 3448 1254 3501 sic
1275 3466 1328 3520 np-

214 3532 364 3602 pellatur),
382 3546 438 3581 cum
455 3529 505 3581 iam
523 3530 637 3599 Sinopen
657 3529 746 3582 urbem
764 3536 810 3580 aut
826 3526 965 3580 secundum
982 3523 1083 3591 aliquos
1097 3517 1225 3573 Amastrin
1237 3536 1330 3573 oecu-

214 3609 333 3672 passent,
357 3615 444 3667 regem
469 3597 618 3660 declarent,
643 3607 674 3651 ut
698 3599 731 3650 ab
748 3596 792 3650 illo
811 3600 978 3649 renovaretur
995 3592 1131 3645 Persarum
1150 3589 1327 3644 consuetudo.

214 3672 298 3723 Porro
314 3671 372 3739 ipsa
393 3684 472 3735 aegre
489 3667 575 3718 ierem
592 3683 677 3719 eorum
707 3675 840 3728 conatum,
864 3664 980 3734 quoniam
998 3677 1049 3712 uon
1067 3676 1099 3712 ex
1115 3657 1252 3711 voluntate
1273 3675 1327 3710 sua

214 3737 354 3814 agebatur,
386 3734 594 3804 reprehendebat
623 3751 710 3787 eorum
733 3735 835 3786 lacinus
858 3735 1021 3786 veliementer
1046 3729 1202 3790 lamentans,
1231 3743 1327 3794 eoque

211 3812 273 3882 ipso
287 3809 395 3864 flectere
411 3805 512 3858 illorum
530 3803 626 3855 animos
649 3803 770 3866 volebat,
796 3804 999 3869 obsecrabatque
1016 3803 1044 3852 et
1064 3798 1174 3866 cogebat
1190 3801 1222 3848 ut
1237 3794 1328 3848 bene·

207 3879 351 3934 volentium
369 3873 532 3946 imperatoris
548 3871 598 3924 sibi
615 3871 680 3938 ipsis
696 3872 906 3935 reconciliarent,
931 3877 959 3921 et
976 3866 1187 3938 quemadmodum
1206 3881 1235 3916 re
1254 3879 1327 3918 vera

215 3957 388 4015 comparatum
411 3945 462 4009 sit,
486 3959 587 3996 cansam
604 3939 668 3992 facti
686 3941 737 3992 sibi
757 3959 790 3992 no
808 3941 992 3994 adscriberent.
1026 3936 1080 3999 Qui
1098 3936 1138 3988 bis
1155 3931 1252 3988 auditis
1273 3931 1327 3985 dc-

214 4017 362 4096 speratione
381 4014 462 4086 cupii,
479 4011 625 4077 necopinus
642 4009 742 4061 furioso
759 4011 869 4078 quodam
886 4009 981 4076 impetu
998 4005 1138 4067 concitati,
1155 4015 1325 4069 nequaquam

215 4100 273 4135 erus
289 4086 394 4138 consilio
411 4086 599 4154 obtemperant.
621 4078 741 4130 Ceterum
760 4097 815 4132 cnm
834 4077 1011 4148 ‘slreoplrobus
1030 4077 1094 4129 clnm
1111 4071 1222 4126 misisset
1237 4085 1326 4137 quos-

215 4152 275 4205 dam
300 4155 333 4204 ad
359 4157 553 4222 imperatorem,
579 4152 606 4201 el
622 4147 739 4200 horribili
757 4148 922 4201 iureiurando
942 4143 1048 4214 scriptis
1064 4145 1188 4207 concepto
1207 4147 1324 4220 conten-

217 4222 291 4274 deret
307 4238 337 4274 se
355 4223 452 4290 patrati
468 4219 593 4275 facinoris
610 4224 740 4270 auctorem
756 4235 806 4270 nou
823 4217 919 4280 inisse,
942 4215 990 4268 sed
1006 4215 1142 4267 Persarum
1160 4205 1277 4260 stultitia
1296 4219 1326 4262 et

217 4290 294 4344 nimia
309 4291 491 4344 benevolentia
507 4291 534 4342 id
552 4286 632 4343 luisse
657 4287 768 4350 lactum,
793 4287 933 4358 imperator
957 4286 1090 4338 humanum
1116 4284 1143 4330 et
1168 4277 1326 4332 clamentem
