2817 4742
189 303 238 374 62
657 301 820 370 GENESll
851 289 866 294 ,.

188 469 385 562 δοριάλωτος
408 475 458 538 καὶ
481 479 574 540 πᾶσιν
599 473 762 561 δπίχαρτος
782 467 997 558 γενησόμενος,
1024 475 1051 538 εί
1070 472 1114 559 μὴ
1137 474 1207 549 τοὺς
1233 471 1301 536 oda
1401 549 1402 562 ρ

188 575 275 670 αὑτῷ
291 576 448 660 Μανοσὴλ
460 573 532 644 ἀσελ
544 583 685 645 τοιοῦτον
700 573 804 666 φήσας
816 576 1062 662 ἐδαρσαλίωσεν.

191 673 195 680 ’
355 686 378 718 “
384 678 488 767 ἀνίρες
501 679 570 746 inre*
584 683 684 768 φίλοι,
705 682 756 746 καλ
768 678 897 762 ἀλκιμον
910 673 987 767 ἦτορ
1000 680 1119 757 ἕλεσθε,

188 783 244 861 τάς
265 784 414 867 μελίσσας
439 778 633 865 αίδοάμενοι,
662 782 699 848 αλ
716 789 771 849 τοῦ
788 783 940 865 βασιλίως
953 780 1056 851 abacia
1071 777 1212 850 θανάτοιν
1234 781 1300 856 ἕως

188 885 384 970 ἀνίχονται.”
434 886 514 970 μεθ’
536 877 580 954 ὧν
605 886 662 969 τὴν
683 882 829 973 φάλαγγα
850 887 1002 969 διατεμὼν
1020 893 1083 954 τῶν
1099 885 1328 972 Ἀμαρητιῶν,5

189 989 420 1075 πεπαλαγμένος
442 985 553 1079 λδθρῳ
577 995 681 1080 πολλῷ
703 1013 736 1056 τε
757 991 808 1055 καὶ
832 991 957 1070 α’ίματι,
984 997 1097 1058 τοῦτον
1111 991 1302 1068 ίξειλιιασεν.

154 1112 177 1165 c
193 1094 260 1181 τρλς
277 1092 338 1179 γὰρ
359 1100 452 1159 τοῦτο
473 1088 720 1180 διαπραξάμενος
734 1098 791 1178 τῆς
806 1092 1042 1180 ίμπερισχίσεως
1058 1094 1144 1184 αὐτῷ
1158 1098 1303 1180 προσελ-

188 1197 259 1264 dcis
287 1191 466 1285 δξελιίτροιι·
498 1196 687 1274 ίσκοτοδινία
717 1195 782 1283 φάρ,
806 1193 985 1284 ἐφεστηκότι
1006 1204 1050 1287 τῷ
1069 1196 1230 1281 Μανοαῆλ
1255 1199 1304 1272 είς

191 1295 379 1387 ἀνάρρυσιν,
413 1297 471 1366 κάν
492 1297 633 1387 παρόδου
655 1297 773 1385 εδρείας
797 1295 968 1384 ίτάγχανεν.
1018 1299 1066 1366 διδ
1087 1308 1182 1367 τοῦτο
1202 1300 1304 1386 μέχρι

191 1404 297 1490 τρίτον
322 1402 517 1487 σομβίβηιιε,
545 1400 602 1468 κάν
622 1397 702 1486 τάχα
730 1407 775 1493 τῷ
799 1407 915 1492 χαλινῷ
935 1408 990 1469 τοῦ
1010 1409 1173 1492 βασιλικοῦ
1193 1405 1303 1468 ἵππον
1314 1430 1347 1482 10
1401 1435 1402 1488 ι

192 1504 387 1583 δπιδεθίντος
403 1506 529 1590 ἷμᾶντος
544 1507 594 1571 καὶ
606 1504 921 1594 προσαναρτηδίντος
932 1506 993 1571 τινί
1004 1531 1036 1591 γε
1047 1513 1105 1572 τοῦ
1122 1501 1303 1590 Mercurii,

195 1607 231 1677 δν
244 1608 326 1675 καθ’
340 1611 435 1676 λ’ππον
451 1608 637 1693 ἀμπίσχετο·
667 1607 742 1675 ἀλλ’
759 1607 816 1692 οδχ
830 1606 928 1686 οὕτως
941 1605 1017 1696 ἐξῄει
1025 1660 1035 1690 ,
1062 1609 1119 1687 ἕως
1132 1610 1166 1676 ari
1182 1607 1306 1694 τίταρ-

194 1738 249 1780 τον
261 1712 348 1803 αὐτῷ
365 1712 523 1800 προσιίναι
536 1714 588 1778 καλ
598 1714 677 1800 ξίφει
691 1718 800 1779 θανεῖν
816 1709 1060 1800 ἀποφήνασθαι,
1085 1715 1112 1779 εἰ
1132 1711 1168 1778 οδ
1192 1709 1306 1803 τούτῳ
1401 1739 1402 1798 q

194 1815 359 1900 σιινίψοιτο
372 1819 422 1883 καὶ
434 1815 479 1901 μὴ
494 1816 712 1904 πανωλεθρίαν
725 1812 882 1884 lanosicco
896 1812 1051 1896 διάδοιτο,
1070 1815 1128 1893 ἕως
1141 1811 1305 1902 ἐξήγαγεν.

193 1916 307 1985 τοδτοο
330 1919 435 2007 σωτὴρ
451 1920 547 2005 μίγας
565 1920 814 2008 ἑπεμφανίζεται,
842 1921 893 1985 καί
908 1925 946 2006 τῇ
959 1919 1096 2002 βασιλίδι
1111 1919 1306 2003 παλιμπετὲς
1315 1941 1346 1997 15

159 2035 184 2090 Ι)
199 2013 417 2105 μετατίθεται,
439 2024 490 2087 καὶ
511 2027 623 2088 τοῦτον
646 2032 749 2107 σιμοῖς
765 2024 816 2088 καλ
832 2019 1060 2106 προσηκούσαις
1073 2025 1203 2110 δωρεαῖς
1218 2027 1307 2092 ἔπα-

193 2126 330 2208 μείβεται
339 2176 350 2206 ,
374 2124 430 2191 τδν
444 2123 551 2193 εάνοσν
566 2121 799 2210 ἀποδεχόμενος.
854 2121 873 2208 ἡ
889 2126 924 2190 δὲ
938 2131 993 2191 τοῦ
1010 2122 1133 2213 φθόνου
1147 2127 1207 2215 πρδ
1222 2125 1306 2195 τού-

194 2255 250 2295 του
275 2224 450 2315 παράταξις
471 2227 664 2296 κατ”αδτοῦ
694 2228 914 2315 παροπλίζεται
942 2227 994 2294 διδ
1022 2237 1085 2296 τῶν
1104 2235 1164 2316 ,τῆς
1185 2229 1305 2318 ἀρετῆς
1336 2295 1347 2301 -

195 2332 340 2399 ἐναντίων
347 2381 358 2413 ,
386 2334 438 2398 ιιαλ
459 2331 684 2418 ἔπιλοιδοροῦσι
696 2334 822 2418 ψευδῶς
835 2332 1027 2399 undecimum
1038 2330 1304 2419 στρατηγεδοντι·

193 2426 232 2520 ἧς
254 2436 415 2520 emmam
434 2425 576 2510 οδτοςτά
590 2434 668 2521 πρὸς
681 2434 876 2501 ἀποστασίαν
889 2431 1135 2518 ἓπιτετδλμηται,
1161 2437 1212 2500 καλ
1231 2461 1347 2523 ‹pv-20

194 2539 302 2630 ναδείρ
316 2537 393 2624 πρὸς
405 2536 591 2623 Ἀγαρηνοδς
601 2537 811 2620 μετοικίζεται,
840 2536 891 2600 καὶ
907 2533 1011 2614 δόξαις
1026 2538 1203 2625 περιφανίσι
1219 2540 1304 2626 πρὸς

176 2748 178 2751 ¹
266 2773 293 2825 8.
310 2766 498 2825 ίανοτοδτινία
514 2768 545 2821 L.
684 2771 713 2823 9.
735 2764 785 2823 διδ
802 2766 889 2822 rorico
907 2766 937 2820 b.
1078 2762 1248 2838 1Ξ.δν]αἷν
1268 2774 1303 2828 L.

266 2843 308 2964 ¹13
317 2833 418 2964 οτφφῖφ
435 2839 474 2903 Β,
492 2839 577 2894 τοῦτο
594 2837 626 2891 b.
719 2837 761 2894 14·
778 2837 971 2908 πανολεθρίαν
988 2837 1018 2891 la.
1114 2843 1156 2898 15.
1172 2839 1304 2914 τούτου]

198 3201 258 3239 suos
276 3185 460 3248 confirmasset,
480 3181 513 3236 ad
531 3184 597 3237 bunc
614 3187 691 3254 quasi
707 3186 806 3241 modurn
825 3205 870 3240 eos
887 3189 1021 3241 allocutus.
1055 3186 1101 3237 “0
1117 3186 1197 3250 socii,
1210 3188 1304 3251 fortes

199 3255 338 3322 animoque
360 3260 442 3306 estote
467 3253 554 3319 virili,
580 3270 643 3325 apes
664 3256 788 3315 reveriti,
817 3275 885 3326 quae
902 3257 959 3326 regi
977 3273 1022 3309 suo
1040 3254 1073 3308 ad
1091 3266 1195 3310 mortem
1213 3271 1304 3324 usque

200 3322 373 3377 adbaerent.”
398 3322 463 3374 Cum
480 3323 573 3391 quibus
591 3341 756 3395 perrumpens
773 3325 852 3379 aciem
869 3329 1058 3392 rigarenorum,
1078 3325 1188 3394 pollutus
1204 3341 1303 3378 cruore

200 3393 279 3445 multo
297 3399 324 3443 et
340 3390 465 3458 sanguine
483 3410 539 3444 eum
556 3394 678 3446 extraxit.
707 3395 763 3446 Ter
780 3403 864 3447 autem
881 3396 909 3447 id
928 3395 990 3447 iecit
1007 3403 1034 3448 et
1051 3413 1067 3447 a
1084 3391 1304 3448 circumventione

199 3461 336 3516 liberavit:
362 3477 420 3512 uam
438 3461 512 3529 quusi
529 3462 659 3530 vertigine
676 3473 812 3532 correptus
830 3464 975 3517 haesitabat
992 3463 1112 3517 veniente
1129 3462 1246 3514 lllanuele
1266 3464 1304 3518 ad

199 3549 258 3584 eum
284 3528 458 3599 eripiendum,
483 3531 599 3598 quamvis
620 3533 674 3585 late
697 3534 823 3586 transitus
844 3535 869 3586 el
890 3541 1000 3604 pateret.
1035 3532 1137 3584 Idcirco
1155 3541 1195 3583 ter
1212 3530 1237 3583 id
1257 3534 1304 3587 sa-

200 3608 268 3654 ctum
292 3608 348 3663 est,
374 3599 490 3666 quamvis
512 3599 589 3651 etiam
611 3617 668 3654 mox
693 3603 784 3654 fraeno
809 3602 968 3672 imperatorii
993 3601 1052 3670 equi
1076 3601 1182 3668 alligato
1199 3599 1252 3653 loro
1273 3613 1305 3656 et

198 3669 330 3752 applicato
348 3667 403 3720 loro
420 3666 520 3719 cuidam
546 3685 595 3736 quo
624 3668 751 3722 Manuelis
770 3689 851 3740 equus
877 3673 982 3725 indutus
1000 3677 1179 3723 erat:·tsmen
1195 3687 1241 3722 nec
1260 3672 1304 3726 sic

200 3739 304 3801 exibat,
322 3738 405 3790 donec
421 3735 501 3788 tertia
519 3733 576 3788 rice
593 3753 649 3788 eum
667 3739 855 3805 aggrederetur
871 3741 1009 3810 gladioque
1025 3738 1174 3791 moriturum
1187 3739 1305 3793 affirma·
1401 3777 1402 3792 ι

200 3814 254 3871 ret,
281 3806 331 3860 uisi
354 3807 437 3876 ipsum
459 3814 612 3873 sequeretur
628 3812 655 3858 et
672 3809 777 3860 totalem
793 3809 925 3862 interitum
943 3826 992 3862 non
1010 3808 1141 3861 efficeret:
1166 3814 1241 3878 atque
1260 3809 1303 3863 sic
1401 3815 1402 3868 l

199 3875 296 3928 eduxit.
331 3876 373 3928 lta
390 3875 414 3927 ei
432 3880 550 3927 servator
567 3891 673 3941 magnus
690 3876 809 3942 oblatus,
836 3879 944 3949 ipseque
961 3878 987 3928 in
1005 3877 1194 3945 imperatoriam
1211 3877 1303 3932 urbem
1401 3875 1402 3944 f

198 3961 287 3996 rursus
310 3962 339 3997 se
363 3945 481 4010 confert,
508 3950 587 4013 atque
610 3943 678 3996 illum
699 3946 797 4000 honore
822 3956 849 4000 et
870 3949 944 4000 donis
970 3947 1089 4014 congruis
1115 3953 1303 4012 remuneratur,
1401 3985 1402 4020 q

200 4013 267 4065 bene
283 4012 333 4064 sibi
350 4013 496 4089 cupigutenr
513 4030 599 4066 carum
616 4013 722 4066 habeus.
757 4016 810 4068 Sed
828 4016 926 4070 invidia
944 4014 968 4067 ei
985 4031 1014 4066 se
1031 4017 1151 4084 opposuit
1171 4023 1197 4068 et
1208 4023 1302 4072 contra
1401 4059 1402 4078 ,

201 4097 257 4134 eum
280 4097 338 4134 sese
362 4082 472 4136 armavit
513 4100 542 4136 er
565 4082 609 4135 illa
626 4100 691 4151 quae
709 4083 802 4138 virtuti
818 4095 880 4139 sunt
896 4084 1041 4138 contraria:
1065 4093 1146 4154 atque
1163 4101 1208 4154 per
1225 4083 1302 4138 ealu-
1401 4081 1402 4150 l

201 4149 293 4203 uniam
315 4150 382 4202 laiso
406 4151 552 4206 insinuant
574 4168 630 4204 eum
653 4151 808 4218 maiestatis,
838 4173 895 4207 cum
925 4160 993 4206 esset
1016 4155 1165 4225 praelectus
1185 4152 1302 4209 militum.
1401 4163 1402 4222 l

204 4218 307 4283 Quibus
324 4218 375 4271 iste
391 4221 487 4274 auditis
503 4220 671 4275 delectionem
689 4222 806 4287 molitur,
823 4225 977 4292 fugiensque
997 4225 1030 4276 ad
1048 4225 1180 4292 Agareuos
1197 4226 1303 4278 commi·
1401 4269 1402 4276 ,

202 4292 280 4356 grat,
304 4294 384 4357 atque
407 4290 441 4342 ab
466 4289 506 4342 lris
532 4291 670 4344 bonoribus
691 4291 834 4346 illustribus
851 4295 988 4347 decoratur
1005 4299 1034 4347 et
1049 4295 1151 4360 obviam
1167 4291 1303 4360 itionibus,
1401 4301 1402 4354 l

197 3134 260 3171 sane
277 3131 365 3185 parum
389 3116 482 3168 aberat
503 3120 533 3167 ut
554 3119 645 3186 captus
671 3118 837 3189 omnibusque
861 3119 970 3173 ludibrio
993 3118 1102 3180 luisset,
1126 3116 1175 3169 nisi
1194 3115 1304 3172 Manuel

1401 3497 1402 3564 l

1401 3707 1402 3772 l
