2817 4742
250 338 323 412 114
631 334 958 405 THEOPHYLAGTI

250 506 403 594 αύτίκοος
415 508 516 595 γέγονε
530 509 580 575 καλ
599 508 655 593 τὴν
670 510 773 575 ultius
789 503 1020 575 διεπυνθάνετο.
1071 512 1134 572 τῶν
1145 505 1179 571 δέ
1197 503 1278 593 πρδς
1289 504 1344 589 τὴν
1397 489 1398 576 l

249 620 357 679 πεῦσιν
375 614 470 696 μηδέν
484 612 732 697 ἀποκρινομένων
748 612 832 700 αὐτῷ
845 612 926 694 πλὴν
939 637 960 693 η
982 609 1228 693 “dunre'rpoaroe
1243 605 1343 691 πείσῃς
1397 629 1398 698 j

248 714 366 791 τάξεως
380 712 511 799 ἁρμονία
520 765 530 795 ,
556 722 613 781 τοῦ
628 715 838 798 στρατοπέδου
855 710 1094 797 ἀνηγεμονεύτου
1110 703 1342 795 τυγχάνοντας,”
1397 707 1398 778 l

249 818 356 901 ἱδρῶτι
372 828 553 905 περιερρεῖτο
568 814 585 883 ἀ
598 818 792 901 πολέμαρχος
804 818 944 900 Πρίσκος
959 819 1010 881 καλ
1026 813 1117 905 φόβρί
1133 820 1238 901 πολλῷ
1256 839 1341 879 ουνε-

249 921 408 1001 στίλλετο,
445 921 689 1005 διαπορουμένης
710 921 795 1009 αὐτῷ
822 926 877 1002 τῆς
898 926 1003 1003 ψυχῆς
1024 918 1041 984 ὅ
1062 944 1092 985 τι
1119 920 1170 983 καδ
1194 913 1362 1001 desinerent
1397 969 1398 980 ,

161 1031 236 1086 Ρῦθ
253 1028 296 1110 τῷ
316 1024 373 1106 μέν
391 1014 446 1087 ούν
465 1025 634 1115 Είλιφρέδφ
656 1023 692 1089 τό
722 1022 907 1107 θεανδρικδν
932 1022 1067 1104 ίνδαλμα
1094 1016 1342 1105 παραγυμνῶσας
1397 1059 1398 1092 3

142 1134 166 1191 V
185 1136 234 1190 178
251 1126 354 1191 έδίδοο
374 1125 620 1215 (ἀχειροποίητον
639 1128 674 1192 δὲ
694 1132 787 1192 τοῦτο
802 1122 947 1208 Ῥωμαῖοι
962 1121 1233 1207 κατονομάζοοσι),
1260 1148 1342 1207 περι·
1397 1179 1398 1184 ,

245 1238 365 1293 νοστεῖν
386 1226 562 1314 προστάξας
584 1228 619 1295 τό
644 1225 839 1316 στράτευμα,
867 1226 951 1303 ῦπως
968 1230 1055 1293 αι’δοῖ
1071 1233 1128 1292 τοῦ
1147 1223 1342 1307 σεβόσματος
1397 1267 1398 1270 =

247 1332 450 1415 ταπεινωθείη
463 1331 520 1412 μέν
538 1328 556 1398 δ
579 1328 683 1415 θυμός
688 1380 699 1413 ,
727 1332 768 1398 τά
786 1332 820 1397 δὲ
843 1337 899 1415 τῆς
911 1329 1061 1413 ἀκοσμίας
1076 1329 1153 1415 πρός
1165 1329 1201 1395 τδ
1215 1335 1340 1413 σῶφρον
1397 1329 1398 1334 ’

246 1432 304 1519 τὴν
321 1433 498 1516 μεταβολὴν
520 1432 721 1521 ἀπενέγκοιτο.
774 1440 830 1500 τοῦ
854 1436 888 1500 δέ
911 1430 1054 1516 πλήθους
1082 1432 1179 1517 μηδὲν
1199 1431 1375 1497 lasaron

245 1538 531 1623 σωφρονιζομένου,
559 1536 638 1603 ἀλλά
658 1540 708 1603 καί
727 1532 898 1618 βάλλοντος
917 1536 954 1603 τδ
967 1533 1143 1623 ἀπόρρητον
1156 1537 1279 1613 λίθοις,
1300 1537 1340 1599 τί·
1397 1563 1398 1566 ¹

192 1692 194 1697 .
244 1638 343 1717 κότως
356 1637 373 1705 ό
387 1635 576 1725 στρατηγός,
598 1642 683 1730 ἵππῳ
697 1640 781 1717 τινός
796 1646 858 1706 τῶν
878 1635 1154 1727 σωματοφυλάκων
1173 1643 1231 1703 τοῦ
1249 1645 1339 1717 βασι·
1397 1661 1398 1664 ¹

244 1741 321 1818 λέως
338 1740 528 1827 περιτυχών,
550 1744 627 1829 πρδς
641 1742 741 1830 φυγὴν
755 1743 863 1819 ἐκδούς
883 1740 995 1808 ἑαυτὸν
1017 1737 1185 1829 παραδόξῳ
1204 1739 1340 1829 σωτηρίιγ
1397 1761 1398 1766 ¹

245 1847 303 1909 τινί
319 1844 373 1911 τόν
389 1848 530 1911 κίνδυνον
546 1843 787 1932 παρεκρούσατο.
825 1845 1032 1932 ἱπποφορθοΐς
1046 1849 1210 1931 τοιγαροῦν
1223 1867 1338 1925 προσο-
1397 1839 1398 1846 ¹

206 1953 329 2026 lipsiae*
344 1958 409 2025 τοῖς
431 1948 485 2023 τὰς
505 1951 620 2025 ’ίππους
642 1949 698 2026 τάς
718 1948 939 2034 στρατιωτικὰς
960 1946 1186 2035 περιβόοκουσε.
1239 1944 1373 2011 adacei-li

244 2074 307 2113 νων
322 2049 400 2132 μετὰ
413 2054 561 2135 μεγίστων
577 2048 723 2118 κινδύνων
738 2053 794 2129 τάς
804 2062 910 2137 χεῖρας
925 2052 1084 2139 διαφυγών
1100 2058 1156 2133 τῆς
1170 2052 1338 2114 Κωνσταν-

244 2152 330 2235 τίνης
354 2149 470 2227 πόλεως
493 2154 638 2233 ε’πιβαίνει
656 2161 781 2232 πολῶν,
808 2154 880 2238 ἀρτι
905 2155 961 2229 κάς
975 2152 1136 2237 διατριβὰς
1157 2156 1213 2215 τοῦ
1229 2154 1337 2216 Μονο-

243 2250 359 2338 κάρτου
381 2252 551 2320 ἀπολιπεόν.
603 2259 787 2339 συνεκδημεῖ
801 2263 965 2340 τοιγαροῦν
988 2254 1066 2338 μετά
1089 2259 1145 2319 τοῦ
1167 2256 1337 2335 στρατηγοῦ

241 2362 280 2441 τῇ
297 2349 379 2422 πόλει
395 2358 446 2421 καί
461 2353 611 2441 θόρυβος.
664 2358 694 2422 oi
715 2359 772 2439 μίν
788 2350 843 2423 οῦν
864 2364 919 2441 τῆς
932 2360 1167 2439 Κωνσταντίνης
1185 2349 1338 2439 οἰκήτορες

243 2458 290 2521 inl
313 2469 377 2534 τοῖς
400 2456 554 2544 γεγονόσιν
575 2460 809 2545 ε’κπεπληγμίνυι
837 2460 894 2537 τάς
916 2460 1021 2544 ψυχὰς
1053 2462 1226 2525 διετέλουν·
1260 2454 1276 2523 ὃ
1305 2458 1372 2521 ds'ffl

241 2558 414 2644 στρατηγός
433 2572 498 2635 τοῖς
518 2560 644 2645 ἡγεμόσι
667 2570 729 2626 τῶν
751 2560 869 2627 πόλεων
890 2573 955 2635 τοῖς
973 2588 1004 2643 τε
1022 2568 1083 2626 τάν
1097 2561 1255 2644 φρουρίων
1268 2560 1338 2644 ε’φε-

242 2658 369 2746 στηκόσί
384 2660 426 2725 δι’
445 2662 628 2728 ἐπιστολίων
644 2658 824 2747 ἐνεχάραττε
839 2658 1008 2749 γρόμματα
1016 2711 1027 2742 ,
1053 2664 1151 2745 μηδέν
1166 2668 1228 2726 τιῦν
1244 2686 1338 2743 συνη-

241 2770 311 2830 θῶν
334 2754 513 2848 ἀποστερεῖν
537 2765 575 2831 τά
598 2762 835 2855 στρατεύματα,
871 2762 949 2849 μήτε
973 2767 1008 2832 δὲ
1027 2770 1258 2849 καταπλαγῆναι
1282 2764 1338 2839 τὰς
1397 2753 1398 2756 “

240 2866 346 2951 ψυχάς
362 2874 400 2955 τῇ
414 2864 519 2962 ἀθρόιγ
535 2875 595 2936 τιῦν
607 2869 808 2958 γεγενημένων
823 2867 964 2963 παρόδῳ.
1006 2866 1100 2955 dirius
1114 2871 1149 2934 δέ
1163 2870 1213 2933 καί
1227 2866 1337 2955 ἰατροῦ
1397 2889 1398 2894 ’

310 3048 354 3101 12.
373 3045 461 3103 ἵππον
480 3049 523 3102 ῙΡ.

241 3218 331 3266 ainaim,
349 3202 431 3255 omnis
448 3202 546 3257 ordinis
563 3203 636 3274 qnasi
654 3211 806 3275 concentum
824 3204 951 3276 quendam
967 3221 1034 3257 nuno
1051 3204 1162 3273 perisso,
1186 3218 1243 3256 cura
1259 3218 1335 3255 exer-

237 3272 308 3323 eitus
325 3271 481 3341 imperatore
504 3283 609 3337 careat,
633 3274 723 3329 Prisco
742 3276 821 3327 sudor
845 3276 884 3327 ira
902 3291 1059 3342 percorpus
1076 3281 1191 3326 etartus
1208 3288 1337 3339 occuparo

239 3356 335 3393 trernor
351 3343 451 3411 eoepit,
470 3343 552 3397 animo
571 3343 710 3397 haesitanti
728 3346 790 3411 quid
808 3350 908 3410 ageret,
944 3360 1007 3411 ergo
1025 3343 1171 3411 llipbredae
1197 3340 1240 3391 dei
1258 3352 1336 3408 atquo

239 3410 348 3460 ltorrrinia
365 3412 494 3478 effigiem,
513 3431 587 3481 quani
607 3411 819 3480 ἀχειροποίητον
835 3413 899 3476 (boc
917 3419 972 3476 est,
997 3429 1046 3463 non
1064 3410 1164 3463 mortali
1183 3426 1256 3461 mann
1274 3426 1336 3461 oon-

240 3478 346 3542 lectaro)
371 3480 476 3532 llornani
498 3482 648 3550 appellant,
677 3481 811 3533 involucro
839 3480 959 3533 nudatam
985 3497 1032 3550 per
1049 3492 1135 3533 castra
1152 3479 1336 3531 circumieran-

239 3544 297 3598 dam
315 3548 465 3609 conrnrittit3
483 3550 582 3618 quoad
601 3557 731 3615 aspectum
750 3549 787 3601 rei
805 3548 953 3602 adorandae
970 3551 1084 3603 excitata
1103 3547 1248 3601 reverentia
1263 3548 1336 3600 iuro·

240 3630 292 3667 rena
310 3615 505 3682 comprimeret,
524 3625 550 3668 et
568 3616 593 3668 in
612 3616 758 3669 modestiam
776 3618 938 3687 quietemque
958 3637 1040 3671 rerum
1060 3616 1221 3686 perturbatio
1238 3616 1336 3667 transi-

238 3692 287 3737 ret.
323 3700 409 3736 veruna
435 3686 582 3750 enimvero,
608 3702 662 3738 cum
687 3688 820 3740 rrrnltitndo
845 3688 926 3741 nilrilo
952 3688 1011 3739 bino
1033 3688 1172 3739 modestior
1196 3686 1335 3751 saniorque

238 3752 377 3818 evaderet,
404 3754 464 3822 quin
489 3754 574 3823 potins
598 3766 787 3809 sancrosanctum
805 3758 940 3824 imagine·
959 3756 1086 3826 lapidibus
1104 3764 1257 3824 appeteret,
1283 3754 1335 3805 dux

238 3840 329 3889 εεγιιιιω
346 3823 475 3875 ruinalem
500 3823 686 3876 esatellitibus
704 3826 868 3893 imperatoris
886 3835 976 3878 nactus
1002 3826 1070 3878 baud
1089 3824 1213 3877 immerito
1230 3836 1291 3872 sese
1308 3820 1334 3874 in

238 3892 323 3957 fergant
341 3892 463 3955 tradidit,
485 3894 676 3962 periculumque
693 3894 788 3964 eapitis
805 3902 910 3961 praeter
927 3894 1069 3963 opinionem
1086 3891 1201 3961 depulit:
1232 3906 1290 3941 nan
1308 3895 1335 3943 ei

237 3977 292 4011 cunr
312 3964 457 4028 pastoribus
474 3962 602 4029 equariis‚
619 3962 725 4015 rnilitum
743 3979 823 4032 equus
839 3964 936 4015 oircurn
954 3982 986 4015 ea
1003 3963 1061 4015 loca
1079 3958 1252 4030 pascentibus,
1271 3976 1335 4012 eon-

238 4044 340 4093 greseus
356 4046 442 4082 eorum
459 4048 548 4082 manus
566 4048 615 4083 non
634 4032 700 4083 citra
723 4050 840 4084 ιιιωιαοιπ
859 4032 995 4084 discrimen
1020 4030 1122 4096 elingit.
1156 4028 1256 4096 iamque
1275 4029 1335 4080 blo-

238 4106 342 4149 nocarto
360 4099 450 4152 relicto
469 4100 660 4153 Constantinam
679 4101 765 4154 urbem
783 4100 891 4171 petivit,
917 4100 943 4152 in
961 4117 1034 4168 quana
1052 4102 1138 4151 urbem
1157 4098 1224 4150 lama
1240 4096 1334 4151 ducem

238 4163 318 4230 ipsura
338 4168 460 4221 contituta
481 4177 529 4221 est.
564 4186 595 4221 aa
620 4169 689 4221 cives
722 4169 824 4238 quidem
849 4170 1034 4221 Constantinus
1057 4176 1161 4237 stupere
1184 4184 1263 4235 super
1292 4168 1333 4219 lais

239 4248 306 4298 quae
330 4236 467 4301 aornigisse
494 4236 651 4303 audiebant,
678 4238 731 4290 dux
753 4256 817 4291 vero
841 4238 941 4290 urbium
961 4237 1170 4306 castellorumque
1188 4236 1333 4305 praesectis

237 4314 284 4369 per
308 4317 471 4358 amanuenses
495 4305 626 4377 scribere,
651 4306 855 4379 praecipueque
879 4307 997 4377 nequid
1021 4307 1054 4361 do
1071 4315 1193 4363 consueto
1210 4306 1332 4361 emenso
