2817 4742
478 313 626 382 REGUM
655 315 691 381 L.
718 313 760 380 11.
1121 309 1168 382 41
1246 377 1248 380 .

60 484 193 576 ράννου.
246 487 319 556 ἀλλ’
342 485 393 576 δγε
416 482 606 574 στασιάρχης
628 483 696 568 ἀμα
714 489 759 575 τῷ
775 491 867 553 τοῦτο
879 491 997 570 μαθεῖν
1010 480 1171 568 στρατεδει

64 591 154 660 κατά
167 597 199 658 Γ
195 593 339 680 ρηγορίου
345 642 356 674 ,
383 593 433 658 καί
449 597 563 658 τοῦτον
575 587 762 674 καταλαβιδν
785 587 906 676 ἀναιρεῖ
910 639 921 671 ,
949 587 1000 654 καὶ
1021 583 1113 652 πάλιν
1128 591 1170 665 εἰς

60 695 125 781 τὴν
135 692 224 762 πδλιν
238 696 341 764 etanta
356 700 413 780 τῆς
432 695 465 773 l}
485 692 582 781 ἀρχῆς
603 693 703 777 δ’χεται
717 669 1122 780 προσεδρείας,ίγράμμασί
1136 716 1170 758 τε

60 799 312 884 πεπλασμίνοις,
341 795 385 875 nic
397 793 477 864 κατά
491 823 525 863 τε
539 798 663 883 γῆνκαὶ
677 793 845 862 θάλασσαν
860 795 905 880 clip
919 790 1098 878 νενικηκώς,
1124 801 1169 884 τῷ

33 899 150 970 ὄκατά
164 928 196 969 τε
211 903 268 987 τὴν
280 898 413 967 Ἐλλάδα
427 902 478 966 καί
490 899 547 978 τάς
563 897 678 985 νήσους
690 896 815 976 άπάσας
826 906 958 988 ναυτικῷ
973 893 1170 981 ἐξαπατήσας

60 1005 246 1090 ἀναχθῆναι
260 1000 370 1071 κελεάει
382 1005 432 1069 καί
449 1010 493 1094 τῷ
506 1009 633 1088 βασιλεῖ
643 971 879 1096 propellente}
916 1004 968 1068 καὶ
980 1004 1060 1086 δῆτα
1075 1008 1169 1067 πλοῖα

61 1107 225 1192 σιταγωγά
245 1117 310 1185 τοῖς
338 1109 585 1194 πολεμιστηρίας
608 1106 938 1194 προσκαθοπλίσαντες
960 1104 1169 1187 πανθυμαδὸν

61 1210 272 1291 ἀναπλίουσι,
305 1214 567 1297 προσορμίζονταί
590 1236 623 1277 τε
643 1216 685 1298 τῇ
705 1216 767 1276 τῶν
796 1208 993 1291 καλουμένων
1020 1209 1205 1293 Βορίδωνλλ

62 1312 168 1400 ἀκτῇ,
194 1319 257 1379 τῶν
280 1315 439 1401 προτίριον
464 1313 520 1380 onix
543 1310 689 1390 ἐλάττους
714 1306 806 1380 oinos
822 1311 858 1377 τδ
880 1303 1097 1396 natan-[ant
1111 1310 1170 1396 γάρ

20 1429 56 1482 10
63 1417 110 1492 είς
124 1411 153 1482 ν’
167 1417 218 1481 καὶ
235 1413 264 1482 τ’
281 1414 298 1482 ὃ
313 1414 433 1485 τοάτων
448 1416 564 1503 ηὔξητο
580 1412 761 1502 ἀριβμάςρ
781 1415 884 1498 ίμελλε
902 1417 935 1481 δὲ
947 1414 1009 1500 ἀρα
1025 1411 1058 1478 ἴκ
1070 1438 1103 1479 τε
1116 1440 1170 1479 νο-

60 1521 134 1585 τίου
150 1521 326 1603 μίρουςκαδ
338 1524 463 1606 βορείου
477 1528 533 1606 τῆς
546 1518 664 1596 πόλεως
677 1515 757 1605 αὐτῇ
771 1524 957 1602 προσβαλεῖν
971 1528 1038 1594 ταῖς
1050 1518 1169 1584 ναυσίν.

60 1622 215 1705 βασιλεδς
229 1624 263 1689 δδ
275 1621 468 1711 προφθάσας
484 1623 663 1689 ἀποστίλλιι
678 1616 860 1709 πυρφόρους
877 1627 970 1701 ναῦς,
995 1618 1080 1704 nicil
1102 1629 1169 1696 τοῖς
1240 1617 1242 1622 ’

59 1731 129 1791 τῶν
150 1725 295 1793 ίναντίιον
314 1730 404 1793 ναυσὶ
425 1725 505 1793 κατά
527 1725 583 1792 τδν
607 1725 765 1812 εἰρημένον
785 1724 961 1808 ίπιθίμεναι
979 1730 1101 1808 χῶρον,
1127 1721 1165 1799 ἃς
1182 1737 1215 1793 V.
1231 1737 1266 1792 22

61 1829 123 1913 pria
151 1825 373 1897 ὁλοκαυτοῦσιν
395 1829 499 1897 αὐτῶν
506 1879 517 1912 ,
543 1828 582 1906 ἀς
603 1825 905 1908 δίσκεδαννάουσιν,
931 1826 988 1904 τὰς
1001 1829 1123 1902 πλείους
1136 1827 1170 1892 δὲ

22 1928 188 1998 15τοάτων
212 1931 317 1998 aaran
336 1930 610 2015 συλλαμβάνουσιν
638 1929 788 2022 ἀνδράσιν
810 1930 915 2008 αὐτοῖς
929 1933 981 1998 καὶ
995 1937 1039 2022 τῷ
1050 1935 1175 2014 βασιλεῖ

63 2029 288 2123 προσάγουσιν.

167 2134 321 2221 ’Λκηκοιδς
343 2136 377 2202 δέ
397 2132 579 2224 Μορτάγιον
600 2133 617 2201 ὅ
642 2132 746 2221 κάριος
768 2137 965 2224 Βουλγαρίας
986 2133 1046 2203 δσα
1069 2140 1170 2203 τεκαὶ

64 2235 118 2307 οία
133 2238 214 2306 κατά
231 2239 288 2324 τὴν
299 2242 449 2322 βασιλίδα
460 2237 549 2307 πάλιν
571 2239 748 2324 ουνηνίχθη
762 2241 924 2324 γενέσθαι,
953 2235 1170 2326 διαπρεσβεδε-

62 2368 117 2410 ται
145 2342 223 2430 πρδς
244 2343 376 2427 βασιλίο
400 2346 451 2430 καλ
473 2353 644 2429 συμμαχεῖν
671 2345 799 2409 αίτεΐται
824 2343 927 2433 αδτηλ·
964 2341 996 2407 αἱ
1023 2341 1095 2428 γάρ,
1110 2339 1171 2408 riuti

26 2447 211 2522 aeAlorroc
226 2454 283 2512 τοῦ
304 2447 458 2529 βασιλίιος
481 2447 559 2533 πρδς
576 2446 692 2524 αὐτοδς
705 2444 952 2533 τριακοντούτεις
964 2447 1097 2512 σπονδαί
1110 2443 1172 2530 ἤδη

63 2549 122 2635 τὴν
139 2545 266 2636 πράτην
279 2551 481 2638 δεκαετηρίδα
499 2547 711 2637 συνεπλήρουν
726 2547 845 2635 σχεδόν.
899 2549 1056 2633 ἀποδοχῆς
1068 2550 1102 2614 δὲ
1115 2573 1172 2633 με-

64 2649 163 2739 γάλης
175 2649 193 2720 δ
206 2654 351 2736 βασιλεδς
367 2654 425 2738 τὴν
437 2652 561 2744 γνώμην
575 2652 679 2721 αὐτῶν
692 2654 784 2732 ἀξίαν
798 2655 904 2743 κρίνας
920 2652 1114 2739 ἀπολογεῖται
1127 2651 1172 2736 μή

136 2871 163 2921 1.
185 2822 226 2954 api
248 2885 297 2921 om.
316 2870 347 2921 L.
485 2872 512 2926 6.
533 2869 581 2924 asel
598 2866 634 2938 δὴ
651 2866 687 2922 aa
704 2869 735 2921 L.
874 2870 916 2921 11.
941 2867 1123 2938 προοβαλλεῒν
1140 2865 1172 2918 L.

134 2936 179 2991 22.
197 2937 283 3003 αξίονς
298 2936 331 2990 λι.

67 3122 120 3178 Sed
147 3123 297 3207 rebellionis
320 3121 457 3208 princeps,
482 3123 557 3178 simul
579 3129 659 3208 atque
681 3124 708 3209 inl
731 3122 874 3189 intellexit,
899 3139 956 3178 earo
973 3122 1078 3178 militari
1096 3139 1170 3207 anana

67 3193 1085 3334 tital‘trtlttttfflntltlt‘lt:ltili‘titillat*llll
1098 3195 1172 3315 33:32

68 3332 159 3400 piens,
187 3348 266 3384 naves
291 3351 307 3384 e
330 3334 444 3386 Graecia
466 3333 608 3403 insulisque
631 3333 758 3386 universis
782 3330 890 3385 subvehi
910 3331 981 3384 iubet
998 3332 1030 3385 ad
1048 3331 1171 3400 proelium

69 3418 125 3453 corn
150 3399 308 3484 inperatore
331 3401 543 3456 committendum.
579 3403 672 3470 ltaque
689 3401 801 3454 navibus
818 3400 935 3452 vehendo
955 3402 1080 3454 frumento
1098 3400 1172 3453 belli-

68 3469 157 3539 cisque
182 3469 319 3522 rostraotis
343 3471 496 3524 unanimiter
519 3473 696 3540 provehuntur
728 3469 912 3540 appellantque
934 3470 960 3522 in
984 3469 1072 3522 littore
1094 3469 1177 3539 syri--

70 3537 158 3604 densi,
174 3538 244 3592 haud
260 3537 359 3590 minore
376 3546 487 3591 nomero'
498 3557 573 3608 quarn
592 3541 708 3609 priores:
733 3558 789 3593 nara
809 3539 843 3592 αδ
860 3556 924 3591 coca
942 3557 1029 3592 aarum
1047 3556 1172 3592 excreve-

70 3615 110 3659 rat
136 3623 265 3662 numerus.
298 3607 367 3660 Erat
384 3615 469 3660 autern
486 3617 513 3660 et
529 3610 562 3661 ab
580 3609 688 3662 australi
705 3615 733 3662 et
751 3627 766 3662 a
784 3609 881 3662 boreali
900 3617 975 3676 parte
992 3609 1080 3661 orbern
1098 3607 1171 3659 navi-

70 3674 116 3727 bus
134 3692 313 3745 aggressurus.
348 3676 404 3729 Sed
422 3676 563 3746 imperator
579 3679 750 3747 praeveniens
768 3678 838 3733 misit
853 3677 978 3746 igniferas
995 3693 1092 3739 naves,
1108 3691 1175 3744 quae

70 3741 177 3797 hostiles
194 3763 275 3798 naves
292 3746 318 3798 in
335 3746 393 3799 loeo
410 3745 544 3816 praedicto
562 3748 670 3801 adortae
687 3749 781 3818 partina
798 3749 951 3800 comburunt
967 3747 1093 3812 integras,
1112 3761 1174 3812 par-

71 3813 113 3866 tim
132 3814 305 3936 oppugant,
326 3816 466 3886 plerasque
483 3823 569 3870 autern
586 3819 695 3888 capiunt
713 3835 837 3872 unacum
856 3815 999 3870 hominibus
1017 3823 1045 3867 et
1060 3813 1174 3882 impera-

70 3883 149 3936 toria
189 3893 277 3936 neunt.

136 3953 201 4014 Cura
226 3961 312 4006 autern
334 3952 479 4006 audivisset
496 3953 635 4023 Mortagon
652 3955 791 4024 Brrlgariae
809 3953 924 4007 dominos
942 3968 1010 4019 qnae
1028 3955 1174 4022 quantaque

72 4019 252 4090 imperatoriae
269 4021 328 4074 urbi
345 4022 520 4086 accidissent,
546 4039 593 4092 per
610 4025 764 4094 legationem
784 4023 839 4092 agit
856 4039 913 4074 curn
931 4021 1102 4090 imperatore,
1127 4025 1175 4074 ‹le-

74 4091 207 4162 poseitque
230 4089 281 4143 sibi
292 4091 455 4153 societatem
479 4089 549 4147 belli.
584 4092 653 4146 Nara
676 4093 767 4147 foedas
783 4093 847 4146 illud
864 4090 1008 4143 tricennale
1025 4092 1073 4143 sub
1090 4091 1177 4145 Leone

73 4157 225 4228 inperatore
249 4177 306 4213 eum
329 4161 395 4230 ipsis
413 4164 508 4216 lactura
525 4161 575 4213 ianr
592 4163 648 4216 lere
665 4164 772 4233 primum
791 4161 940 4215 decennium
957 4159 1088 4230 implebat.
1123 4157 1178 4213 Sed

74 4226 228 4297 inperator,
252 4230 370 4300 quamvis
387 4249 543 4301 magnopere
559 4233 718 4299 probandam
736 4231 864 4284 iudicaret
881 4229 1036 4283 voluntatem
1053 4230 1177 4301 ipsorum,

74 4313 99 4350 se
117 4299 267 4366 excusavit,
291 4301 360 4356 haud
378 4311 500 4372 oportere
517 4318 563 4354 eos
580 4299 648 4355 inter
665 4319 731 4373 quos
749 4305 901 4355 conventum
919 4299 955 4353 sit
971 4305 1043 4354 tanto
1061 4307 1177 4368 tempore
