2817 4742
490 338 638 408 REGUM
667 339 705 406 λι.
727 335 755 404 l.
1130 335 1177 407 19

70 507 298 596 καθεστηκώς,
326 510 383 578 κάν
397 511 445 577 ἐντί
460 510 497 578 τό
516 515 637 592 μᾶλλον
659 508 805 596 αἱρέσεως
822 503 919 583 αίτιος
929 555 938 584 ,
966 504 1009 583 nir
1021 508 1173 574 utuinisi·

70 601 172 693 στους
186 622 249 681 τῶν
263 612 444 701 όρθοδόξων
458 619 649 697 ποινηλατεῖν
664 612 696 677 ἔν
713 607 860 694 ὠμότητι.
907 603 946 693 ἦν
964 612 999 676 δὲ
1012 608 1174 696 φιλότιμος

68 715 178 799 πάνυ,
206 717 263 784 κάν
275 717 411 803 σοβαρόν
424 716 546 799 ἓμβοῶν
570 716 625 781 κσῖ
645 710 856 801 κοκόρυθμος.
909 711 926 778 ‘d
949 716 1000 780 καὶ
1019 713 1099 780 aussi
1117 715 1212 783 τδνῦ

67 827 134 886 τοῦ
150 817 262 906 Φόρου
275 820 350 886 ναόν
364 822 415 885 καλ
428 815 836 904 τόδεγνιόριριονδιεφαίνετο
850 825 916 892 τοῖς
928 817 1173 900 ἐπελευσομένοις

34 923 164 1013 (sudrei
191 924 371 1012 ωαλμῳδῶς
399 925 616 1008 λορυηηίζοντι.
671 923 777 1007 ἐξῆρχε
809 920 870 1007 ηάρ
896 925 960 986 τῶν
984 917 1172 1005 ψαλλόντων

67 1027 187 1106 ε’νίοτε,
214 1022 411 1107 καὶμάλιστα
424 1022 510 1106 τότε,
538 1030 651 1110 φωνῶν

240 1133 285 1216 τῷ
302 1124 516 1203 παντάνακτος
530 1124 731 1214 ἰξεφαόλισαν
746 1120 851 1214 πόθῳ,

65 1221 143 1316 odys
164 1226 369 1313 διολισθήσας
390 1229 454 1315 ἀρα
472 1230 530 1314 τὴν
552 1232 643 1296 θείαν
666 1231 754 1313 δίκην
778 1232 953 1316 περιφανῶς
972 1222 1167 1297 ίπεσπάσατο

62 1339 115 1422 τῷ
129 1329 221 1420 όμνῳ
228 1380 239 1413 ,
265 1334 455 1419 προφητείας
468 1329 568 1420 ταότη
582 1334 844 1416 συντελεσθείσης.

14 1454 55 1507 10
176 1430 306 1500 Τοότων
327 1436 362 1500 dd
381 1434 498 1520 χρόνον
521 1435 604 1513 τινδς
632 1429 924 1522 προδεδραμηκότος
945 1432 1076 1517 Μιχαὴλ
1096 1430 1121 1500 όΥ
1136 1433 1169 1512 ἓξ

57 1536 213 1624 Ἀμορίαν
237 1548 303 1615 τοῖς
323 1537 401 1603 κατ’
424 1539 567 1626 ἀνδρείαν
581 1536 765 1623 προκόπτων
788 1538 821 1603 ἓν
834 1535 1059 1623 προτερήμασι,
1088 1537 1166 1622 παρ’

61 1639 84 1706 ὃ
102 1643 156 1704 καί
170 1639 206 1704 τό
219 1647 281 1705 τῶν
298 1644 483 1724 ε’ξκουβίτων
498 1643 678 1707 πεπίστευτο
701 1638 862 1724 σύνταγμα
871 1687 882 1720 ,
918 1643 1050 1724 διαβολῇ
1064 1646 1166 1705 καθο-

61 1740 206 1817 σιῶσιως
225 1741 463 1825 ἔπισκῆπτεται·
498 1742 531 1818 ὃς
557 1740 673 1827 ταότην
700 1739 903 1827 πολυτρόπως
926 1738 1204 1822 ἀποσεισάριενοςυ

61 1845 251 1928 ἐκπίμπεται
264 1845 348 1931 παρά
361 1845 513 1926 βασιλέως
528 1848 730 1930 διακυβερνᾶν
745 1844 781 1910 τό
805 1845 837 1909 ἐν
853 1843 938 1931 αὐτῷ
954 1840 1165 1930 στρατολόγη-

17 1963 52 2017 15
61 1975 124 2029 μα.
179 1945 214 2012 ὃν
234 1949 430 2028 βασκαίνων,
461 1945 606 2028 καθάπερ
631 1949 710 2020 τινὲς
729 1945 879 2031 ἔφασκον,
907 1952 1090 2010 θανατῶσαι
1108 1955 1164 2025 βε-

57 2047 222 2133 βοόλητο,
251 2052 278 2114 εί
297 2049 342 2132 μὴ
357 2047 431 2125 θεός
438 2098 448 2128 ,
471 2045 517 2125 οἷς
529 2045 655 2133 τρόποις
666 2045 782 2114 εὗδόκει
789 2094 799 2125 ,
826 2043 1010 2133 παραδόξως
1022 2046 1164 2132 φυλάξας

59 2158 104 2238 τῇ
128 2152 270 2240 βασιλεία
291 2158 403 2217 τοῦτον
425 2148 590 2238 ἀφώρισεν.
643 2151 667 2218 εἰ
681 2153 732 2216 καλ
749 2145 842 2216 τοῦτό
864 2175 942 2225 τινες
959 2144 1162 2236 ἓξειλήφασιν,

60 2253 114 2321 ότι
139 2260 186 2342 τῷ
205 2252 337 2336 Μιχαὴλ
358 2261 460 2339 παρῆν
483 2257 534 2319 καλ
557 2255 710 2340 τολμηριά
735 2249 877 2336 γλώσσης
893 2255 1002 2334 μείζων
1016 2259 1072 2338 τῆς
1083 2254 1164 2320 nord

60 2355 266 2442 γενναιότητα
286 2353 386 2442 πάντη
400 2353 615 2441 θρασύτητος,
643 2352 798 2439 λαλοόσης
818 2352 989 2441 παράσημα
1005 2357 1055 2420 καλ
1075 2354 1163 2422 ἀπει·

19 2457 183 2543 ςολοόσης
204 2464 249 2547 τῷ
267 2467 430 2542 κρατοῦντι
450 2457 530 2535 ὅλως
556 2463 755 2545 καθαίρεσιν,
785 2455 881 2523 αότοῦ
901 2482 934 2524 τι
955 2457 1012 2541 τὴν
1027 2459 1163 2542 γαμετὴν

60 2563 201 2638 ἀνοσίοις
220 2559 329 2646 γάμοις
347 2560 579 2647 ἔγκαθυβρίσαι.
631 2565 764 2646 ίνηχεῖτο
786 2556 908 2636 τοότοις
931 2555 947 2626 ό
970 2560 1083 2641 Λίων,
1109 2565 1163 2628 καλ

59 2666 98 2733 ἰδ
117 2666 177 2749 μίν
191 2671 314 2749 πρῶτον
329 2665 469 2752 ίπειράτο
483 2661 661 2750 εὖμηχάνως
681 2660 863 2731 κατευνάσοι
881 2658 980 2748 ῥοπήν
1005 2662 1084 2752 (ᾔδει
1099 2663 1160 2752 γὰρ

132 2839 397 2908 &erindradis
482 2835 672 2913 tutndjqil..
760 2844 801 2900 11.
818 2837 975 2911 παρ’ὃΒ,
996 2834 1157 2916 πσρήἷΙι.

132 2913 177 2970 14.
193 2910 244 2968 τόν
259 2911 314 2966 dmi
327 2917 406 2980 χεῖρα
417 2909 487 2966 λαόν
500 2913 634 2967 cedrenus
641 2907 767 2983 p.t911).
813 2915 855 2968 17.
869 2911 906 2982 τί]
926 2905 990 2982 ἢΙι.
1042 2916 1085 2970 18.
1098 2919 1158 2984 μεῖ-

131 2985 182 3049 ζον
198 2984 248 3053 τῆς
262 2979 505 3051 καταηενναιότητι
521 2981 553 3032 L.

63 3138 110 3192 mis
134 3138 275 3192 τείνουσαι
298 3140 357 3189 eret
380 3141 571 3206 propugnator,
603 3134 642 3186 ite
665 3138 694 3188 ut
717 3131 811 3187 multos
841 3135 1000 3190 orthodoxos
1019 3137 1160 3194 crudeliter

62 3217 182 3262 vexaret.
218 3207 330 3260 Volebat
345 3217 429 3258 eutem
455 3209 561 3273 elegans
584 3204 666 3256 videri
689 3204 717 3256 in
742 3203 872 3268 canendo,
897 3217 952 3258 oum
970 3214 1054 3259 tamen
1072 3209 1161 3262 incon-

63 3278 118 3330 dite
135 3287 166 3330 et
182 3269 332 3329 inconcinne
347 3276 448 3328 boaret
484 3276 560 3338 Quod
579 3282 606 3326 et
622 3272 705 3343 ipsum
717 3272 743 3324 in
762 3273 846 3325 Pharo
861 3275 1020 3326 memorabile
1038 3276 1160 3344 apparuit

63 3347 96 3398 iis
113 3363 183 3415 quae
206 3345 256 3414 ipsi
274 3351 397 3397 euentura
423 3353 499 3396 erant
516 3343 623 3412 punimus
641 3342 792 3395 crocitantis
810 3342 929 3408 praeibat
945 3352 1030 3396 autem
1049 3344 1160 3410 psallen-

63 3415 132 3467 tibus
151 3414 308 3482 quandoque
325 3419 438 3481 tuncque
455 3415 563 3465 maxime
580 3412 699 3464 intonans
716 3411 840 3480 Spreuere
855 3410 949 3462 summi
962 3419 1057 3464 cuncta
1073 3429 1159 3465 amore

61 3485 199 3551 principis.
235 3486 258 3536 Α
275 3499 326 3552 quo
344 3481 474 3550 cumipse
491 3481 567 3548 louge
587 3481 704 3543 abesset,
721 3481 833 3531 divinam
851 3479 988 3532 vindictam
1001 3487 1092 3550 aperte
1109 3481 1160 3534 sibi

66 3555 176 3605 attraxit
192 3551 242 3604 hoo
258 3552 364 3622 hymno,
380 3548 558 3618 praedictione
575 3566 621 3617 per
637 3549 701 3600 hunc
718 3555 899 3600 consummata.

128 3621 264 3687 Tempore
288 3626 373 3672 eutem
398 3619 463 3671 haee
479 3617 633 3687 praegresso
657 3616 768 3672 Mieheel
785 3615 941 3669 Amoriensis
958 3616 1110 3672 fortitudine
1125 3634 1158 3672 ee

64 3687 254 3755 praerogativis
277 3687 429 3757 proficiens,
456 3687 489 3739 ob
520 3703 595 3755 quam
621 3694 650 3739 et
674 3687 852 3738 excubitorum
880 3687 981 3738 cohorti
1010 3689 1158 3756 praefectus

64 3766 132 3822 eret,
158 3757 265 3808 erimine
281 3757 367 3808 laesae
392 3754 532 3808 maiestatis
552 3755 685 3808 incusatus
709 3755 773 3806 suit:
798 3755 843 3822 qni
861 3770 917 3806 oum
934 3756 1060 3807 senariis
1077 3755 1159 3808 modis

64 3834 216 3943 ρριροεεοῐ,
234 3826 266 3878 ab
285 3827 441 3895 imperatore
465 3825 554 3876 missus
570 3833 626 3888 est,
650 3832 680 3876 ut
695 3823 722 3874 in
741 3822 841 3875 oriente
859 3822 972 3876 delectui
989 3823 1091 3876 miiitum
1110 3827 1158 3878 ha-

96 3898 148 3946 udo
171 3900 312 3964 praeesset.
348 3894 424 3946 Hune
449 3908 481 3945 ex
498 3891 606 3955 invidie,
631 3899 661 3944 ut
678 3890 779 3960 quidam
799 3892 950 3960 perhibent,
974 3891 1092 3946 occidere
1109 3911 1158 3945 vo·

65 3958 162 4028 luerat,
178 3962 228 4016 nisi
246 3965 309 4015 dens
327 3962 420 4030 quibus
437 3961 461 4012 ei
480 3960 600 4028 pincebat
621 3961 702 4013 modis
729 3961 879 4013 mirebiiiter
897 3969 1023 4013 servatum
1046 3961 1157 4030 imperio

65 4028 226 4085 destinasset
264 4031 389 4093 Quemvis
406 4031 483 4082 etiam
499 4030 612 4081 nonnulii
636 4028 793 4081 tradiderint
815 4029 841 4080 in
866 4029 992 4081 Michueie
1015 4029 1094 4083 inisse
1117 4043 1159 4083 te·

67 4101 207 4152 ueritatem
225 4100 329 4167 liugane
342 4099 461 4152 maiorem
478 4098 577 4151 omnino
593 4097 756 4151 strenuitatis
769 4097 837 4149 iliius
854 4097 978 4161 audacia,
993 4097 1030 4150 ita
1048 4105 1079 4151 ut
1094 4099 1161 4151 effu-

65 4164 121 4220 tiret
148 4177 293 4222 monstrose
324 4169 534 4236 minitareturque
558 4167 709 4235 imperaturi
737 4166 836 4219 omnino
867 4167 1024 4219 eversionem
1052 4168 1160 4236 eiusque

65 4238 148 4288 usuris
165 4237 321 4290 incestarum
339 4237 485 4306 nuptierum
503 4236 616 4288 dedecus
634 4237 770 4306 proferret
796 4234 978 4288 indicabantur
996 4236 1157 4290 heecLeoni.

66 4309 138 4375 atque
158 4305 183 4359 ia
200 4307 283 4377 primo
300 4307 403 4378 quidem
428 4306 570 4361 oonabetur
584 4314 643 4360 erte
661 4304 751 4376 sopire
768 4302 823 4359 eius
839 4303 978 4376 impetum:
1000 4313 1075 4360 norat
1091 4307 1159 4359 enim
