<?xml version="1.0" encoding="UTF-8"?>
<!DOCTYPE html PUBLIC "-//W3C//DTD XHTML 1.0 Transitional//EN"
    "http://www.w3.org/TR/xhtml1/DTD/xhtml1-transitional.dtd">
<html xmlns="http://www.w3.org/1999/xhtml" xml:lang="en" lang="en">
 <head>
  <title>
</title>
<meta http-equiv="Content-Type" content="text/html;charset=utf-8" />
  <meta name='ocr-system' content='tesseract 3.04.00' />
  <meta name='ocr-capabilities' content='ocr_page ocr_carea ocr_par ocr_line ocrx_word'/>
</head>
<body>
  <div class='ocr_page' id='page_1' title='image "./corpusscriptoru51theogoog/corpusscriptoru51theogoog_0389.png"; bbox 0 0 2817 4742; ppageno 0'>
   <div class='ocr_carea' id='block_1_1' title="bbox 103 968 1103 1067">
    <p class='ocr_par' dir='ltr' id='par_1_1' title="bbox 103 968 1103 1067">
     <span class='ocr_line' id='line_1_1' title="bbox 103 968 1103 1067; baseline 0.002 -2"><span class='ocrx_word' id='word_1_1' title='bbox 103 971 448 1066; x_wconf 82' lang='lat' dir='ltr'><strong>PRAEFATIO</strong></span> <span class='ocrx_word' id='word_1_2' title='bbox 483 968 707 1065; x_wconf 84' lang='lat' dir='ltr'><strong>CAROLI</strong></span> <span class='ocrx_word' id='word_1_3' title='bbox 735 971 1103 1067; x_wconf 77' lang='lat' dir='ltr'><strong>LACHMANNI..</strong></span> 
     </span>
    </p>
   </div>
   <div class='ocr_carea' id='block_1_2' title="bbox 479 1202 706 1220">
    <p class='ocr_par' dir='ltr' id='par_1_2' title="bbox 479 1202 706 1220">
     <span class='ocr_line' id='line_1_2' title="bbox 479 1202 706 1220; baseline -0.009 -3"><span class='ocrx_word' id='word_1_4' title='bbox 479 1202 706 1220; x_wconf 42' lang='lat' dir='ltr'>ff</span> 
     </span>
    </p>
   </div>
   <div class='ocr_carea' id='block_1_3' title="bbox 40 1370 1230 2816">
    <p class='ocr_par' dir='ltr' id='par_1_3' title="bbox 40 1370 1230 2816">
     <span class='ocr_line' id='line_1_3' title="bbox 41 1370 1230 1497; baseline -0.004 -20"><span class='ocrx_word' id='word_1_5' title='bbox 41 1370 201 1477; x_wconf 82' lang='lat' dir='ltr'><strong>Genesii</strong></span> <span class='ocrx_word' id='word_1_6' title='bbox 233 1405 389 1474; x_wconf 81' lang='lat' dir='ltr'><strong>historiae</strong></span> <span class='ocrx_word' id='word_1_7' title='bbox 423 1405 532 1476; x_wconf 85' lang='lat' dir='ltr'><strong>codex</strong></span> <span class='ocrx_word' id='word_1_8' title='bbox 565 1427 649 1475; x_wconf 88' lang='lat' dir='ltr'><strong>nnus</strong></span> <span class='ocrx_word' id='word_1_9' title='bbox 689 1412 778 1473; x_wconf 85' lang='lat' dir='ltr'><strong>extat</strong></span> <span class='ocrx_word' id='word_1_10' title='bbox 807 1394 1008 1495; x_wconf 86' lang='lat' dir='ltr'><strong>Lipsiensis,</strong></span> <span class='ocrx_word' id='word_1_11' title='bbox 1046 1406 1146 1497; x_wconf 85' lang='lat' dir='ltr'><strong>pagi-</strong></span> <span class='ocrx_word' id='word_1_12' title='bbox 1228 1468 1230 1472; x_wconf 85' lang='lat'>.</span> 
     </span>
     <span class='ocr_line' id='line_1_4' title="bbox 41 1520 1146 1611; baseline -0.005 -14"><span class='ocrx_word' id='word_1_13' title='bbox 41 1552 167 1598; x_wconf 87' lang='lat' dir='ltr'><strong>narum</strong></span> <span class='ocrx_word' id='word_1_14' title='bbox 197 1525 248 1595; x_wconf 76' lang='lat' dir='ltr'><strong>tt</strong></span> <span class='ocrx_word' id='word_1_15' title='bbox 277 1528 407 1597; x_wconf 80' lang='lat' dir='ltr'><strong>formae</strong></span> <span class='ocrx_word' id='word_1_16' title='bbox 439 1526 622 1611; x_wconf 89' lang='lat' dir='ltr'><strong>maximae,</strong></span> <span class='ocrx_word' id='word_1_17' title='bbox 662 1524 764 1593; x_wconf 86' lang='lat' dir='ltr'><strong>editio</strong></span> <span class='ocrx_word' id='word_1_18' title='bbox 795 1525 876 1592; x_wconf 89' lang='lat' dir='ltr'><strong>item</strong></span> <span class='ocrx_word' id='word_1_19' title='bbox 909 1547 976 1593; x_wconf 90' lang='lat' dir='ltr'><strong>nna</strong></span> <span class='ocrx_word' id='word_1_20' title='bbox 1008 1520 1146 1610; x_wconf 79' lang='lat' dir='ltr'><strong>Veneta,</strong></span> 
     </span>
     <span class='ocr_line' id='line_1_5' title="bbox 41 1643 1146 1739; baseline -0.005 -21"><span class='ocrx_word' id='word_1_21' title='bbox 41 1675 71 1719; x_wconf 89' lang='lat' dir='ltr'><strong>a.</strong></span> <span class='ocrx_word' id='word_1_22' title='bbox 100 1647 223 1734; x_wconf 71' lang='lat' dir='ltr'><strong>lata,</strong></span> <span class='ocrx_word' id='word_1_23' title='bbox 250 1648 311 1714; x_wconf 81' lang='lat' dir='ltr'><strong>cni·</strong></span> <span class='ocrx_word' id='word_1_24' title='bbox 329 1646 444 1715; x_wconf 88' lang='lat' dir='ltr'><strong>addita</strong></span> <span class='ocrx_word' id='word_1_25' title='bbox 461 1656 513 1716; x_wconf 87' lang='lat' dir='ltr'><strong>est</strong></span> <span class='ocrx_word' id='word_1_26' title='bbox 532 1646 583 1720; x_wconf 83' lang='lat' dir='ltr'><strong>st.</strong></span> <span class='ocrx_word' id='word_1_27' title='bbox 602 1646 760 1739; x_wconf 85' lang='lat' dir='ltr'><strong>Bergieri</strong></span> <span class='ocrx_word' id='word_1_28' title='bbox 780 1644 1006 1739; x_wconf 79' lang='lat' dir='ltr'><strong>interpretatio</strong></span> <span class='ocrx_word' id='word_1_29' title='bbox 1028 1643 1146 1712; x_wconf 88' lang='lat' dir='ltr'><strong>Latina</strong></span> 
     </span>
     <span class='ocr_line' id='line_1_6' title="bbox 43 1747 1180 1858; baseline -0.006 -22"><span class='ocrx_word' id='word_1_30' title='bbox 43 1780 78 1836; x_wconf 91' lang='lat' dir='ltr'><strong>et</strong></span> <span class='ocrx_word' id='word_1_31' title='bbox 111 1767 283 1838; x_wconf 76' lang='lat' dir='ltr'><strong>annotatio</strong></span> <span class='ocrx_word' id='word_1_32' title='bbox 317 1766 409 1858; x_wconf 85' lang='lat' dir='ltr'><strong>(vid.</strong></span> <span class='ocrx_word' id='word_1_33' title='bbox 443 1767 575 1836; x_wconf 88' lang='lat' dir='ltr'><strong>Fabric.</strong></span> <span class='ocrx_word' id='word_1_34' title='bbox 608 1767 769 1852; x_wconf 85' lang='lat' dir='ltr'><strong>Harlesii,</strong></span> <span class='ocrx_word' id='word_1_35' title='bbox 806 1766 869 1832; x_wconf 88' lang='lat' dir='ltr'><strong>vol.</strong></span> <span class='ocrx_word' id='word_1_36' title='bbox 896 1764 940 1849; x_wconf 70' lang='lat' dir='ltr'><strong>i,</strong></span> <span class='ocrx_word' id='word_1_37' title='bbox 972 1788 1007 1857; x_wconf 90' lang='lat' dir='ltr'><strong>p.</strong></span> <span class='ocrx_word' id='word_1_38' title='bbox 1035 1760 1144 1855; x_wconf 70' lang='lat'><strong>532).</strong></span> <span class='ocrx_word' id='word_1_39' title='bbox 1177 1747 1180 1752; x_wconf 38' lang='lat'>¹</span> 
     </span>
     <span class='ocr_line' id='line_1_7' title="bbox 40 1884 1145 1981; baseline -0.005 -24"><span class='ocrx_word' id='word_1_40' title='bbox 40 1889 127 1957; x_wconf 86' lang='lat' dir='ltr'><strong>mihi</strong></span> <span class='ocrx_word' id='word_1_41' title='bbox 148 1896 284 1981; x_wconf 86' lang='lat' dir='ltr'><strong>praeter</strong></span> <span class='ocrx_word' id='word_1_42' title='bbox 305 1888 543 1981; x_wconf 83' lang='lat' dir='ltr'><strong>apographum</strong></span> <span class='ocrx_word' id='word_1_43' title='bbox 556 1886 716 1954; x_wconf 84' lang='lat' dir='ltr'><strong>editionis</strong></span> <span class='ocrx_word' id='word_1_44' title='bbox 737 1884 889 1951; x_wconf 84' lang='lat' dir='ltr'><strong>Venetae</strong></span> <span class='ocrx_word' id='word_1_45' title='bbox 903 1884 1145 1974; x_wconf 83' lang='lat' dir='ltr'><strong>imperitissime</strong></span> 
     </span>
     <span class='ocr_line' id='line_1_8' title="bbox 41 1992 1146 2093; baseline -0.004 -18"><span class='ocrx_word' id='word_1_46' title='bbox 41 2010 170 2077; x_wconf 83' lang='lat' dir='ltr'><strong>sactum</strong></span> <span class='ocrx_word' id='word_1_47' title='bbox 190 2008 332 2075; x_wconf 86' lang='lat' dir='ltr'><strong>traditae</strong></span> <span class='ocrx_word' id='word_1_48' title='bbox 357 1992 433 2074; x_wconf 84' lang='lat' dir='ltr'><strong>snnt</strong></span> <span class='ocrx_word' id='word_1_49' title='bbox 452 2007 494 2072; x_wconf 83' lang='lat' dir='ltr'><strong>E.</strong></span> <span class='ocrx_word' id='word_1_50' title='bbox 518 2003 679 2073; x_wconf 86' lang='lat' dir='ltr'><strong>Wunderi</strong></span> <span class='ocrx_word' id='word_1_51' title='bbox 705 2003 747 2075; x_wconf 90' lang='lat' dir='ltr'><strong>V.</strong></span> <span class='ocrx_word' id='word_1_52' title='bbox 772 2002 824 2073; x_wconf 83' lang='lat' dir='ltr'><strong>cl.</strong></span> <span class='ocrx_word' id='word_1_53' title='bbox 852 2001 998 2072; x_wconf 86' lang='lat' dir='ltr'><strong>schedae</strong></span> <span class='ocrx_word' id='word_1_54' title='bbox 1025 2004 1146 2093; x_wconf 85' lang='lat' dir='ltr'><strong>quibus</strong></span> 
     </span>
     <span class='ocr_line' id='line_1_9' title="bbox 43 2122 1147 2216; baseline -0.004 -21"><span class='ocrx_word' id='word_1_55' title='bbox 43 2128 224 2195; x_wconf 88' lang='lat' dir='ltr'><strong>editionem</strong></span> <span class='ocrx_word' id='word_1_56' title='bbox 257 2148 334 2193; x_wconf 90' lang='lat' dir='ltr'><strong>cnm</strong></span> <span class='ocrx_word' id='word_1_57' title='bbox 366 2122 482 2192; x_wconf 87' lang='lat' dir='ltr'><strong>codice</strong></span> <span class='ocrx_word' id='word_1_58' title='bbox 515 2146 639 2216; x_wconf 86' lang='lat' dir='ltr'><strong>magna</strong></span> <span class='ocrx_word' id='word_1_59' title='bbox 672 2124 843 2216; x_wconf 83' lang='lat' dir='ltr'><strong>diligentia</strong></span> <span class='ocrx_word' id='word_1_60' title='bbox 883 2122 1029 2191; x_wconf 86' lang='lat' dir='ltr'><strong>contulit</strong></span> <span class='ocrx_word' id='word_1_61' title='bbox 1081 2122 1147 2191; x_wconf 86' lang='lat' dir='ltr'><strong>hac</strong></span> 
     </span>
     <span class='ocr_line' id='line_1_10' title="bbox 43 2222 1146 2330; baseline -0.004 -17"><span class='ocrx_word' id='word_1_62' title='bbox 43 2245 220 2313; x_wconf 87' lang='lat' dir='ltr'><strong>collatione</strong></span> <span class='ocrx_word' id='word_1_63' title='bbox 240 2246 286 2310; x_wconf 89' lang='lat' dir='ltr'><strong>ita</strong></span> <span class='ocrx_word' id='word_1_64' title='bbox 305 2265 385 2311; x_wconf 86' lang='lat' dir='ltr'><strong>nsns</strong></span> <span class='ocrx_word' id='word_1_65' title='bbox 405 2265 498 2330; x_wconf 88' lang='lat' dir='ltr'><strong>snm,</strong></span> <span class='ocrx_word' id='word_1_66' title='bbox 521 2252 557 2311; x_wconf 86' lang='lat' dir='ltr'><strong>ut</strong></span> <span class='ocrx_word' id='word_1_67' title='bbox 576 2242 727 2312; x_wconf 87' lang='lat' dir='ltr'><strong>editionis</strong></span> <span class='ocrx_word' id='word_1_68' title='bbox 749 2244 897 2312; x_wconf 87' lang='lat' dir='ltr'><strong>Venetae</strong></span> <span class='ocrx_word' id='word_1_69' title='bbox 920 2264 1050 2312; x_wconf 86' lang='lat' dir='ltr'><strong>errores</strong></span> <span class='ocrx_word' id='word_1_70' title='bbox 1069 2222 1146 2310; x_wconf 83' lang='lat' dir='ltr'><strong>raro</strong></span> 
     </span>
     <span class='ocr_line' id='line_1_11' title="bbox 43 2362 1145 2461; baseline -0.002 -30"><span class='ocrx_word' id='word_1_71' title='bbox 43 2364 223 2461; x_wconf 87' lang='lat' dir='ltr'><strong>indicarem</strong></span> <span class='ocrx_word' id='word_1_72' title='bbox 237 2362 321 2454; x_wconf 83' lang='lat' dir='ltr'><strong>(V),</strong></span> <span class='ocrx_word' id='word_1_73' title='bbox 347 2364 528 2453; x_wconf 88' lang='lat' dir='ltr'><strong>plerosque</strong></span> <span class='ocrx_word' id='word_1_74' title='bbox 554 2362 674 2453; x_wconf 83' lang='lat' dir='ltr'><strong>(erant</strong></span> <span class='ocrx_word' id='word_1_75' title='bbox 700 2373 812 2433; x_wconf 86' lang='lat' dir='ltr'><strong>autem</strong></span> <span class='ocrx_word' id='word_1_76' title='bbox 829 2387 940 2456; x_wconf 88' lang='lat' dir='ltr'><strong>paene</strong></span> <span class='ocrx_word' id='word_1_77' title='bbox 960 2363 1145 2451; x_wconf 84' lang='lat' dir='ltr'><strong>innumeri)</strong></span> 
     </span>
     <span class='ocr_line' id='line_1_12' title="bbox 43 2479 1144 2575; baseline -0.003 -24"><span class='ocrx_word' id='word_1_78' title='bbox 43 2486 140 2553; x_wconf 85' lang='lat' dir='ltr'><strong>tacite</strong></span> <span class='ocrx_word' id='word_1_79' title='bbox 180 2484 394 2574; x_wconf 83' lang='lat' dir='ltr'><strong>corrigerem.</strong></span> <span class='ocrx_word' id='word_1_80' title='bbox 446 2484 551 2551; x_wconf 79' lang='lat' dir='ltr'><strong>rerba</strong></span> <span class='ocrx_word' id='word_1_81' title='bbox 583 2483 755 2575; x_wconf 88' lang='lat' dir='ltr'><strong>scriptoris</strong></span> <span class='ocrx_word' id='word_1_82' title='bbox 789 2485 868 2552; x_wconf 89' lang='lat' dir='ltr'><strong>satis</strong></span> <span class='ocrx_word' id='word_1_83' title='bbox 902 2489 1056 2551; x_wconf 84' lang='lat' dir='ltr'><strong>accurate</strong></span> <span class='ocrx_word' id='word_1_84' title='bbox 1091 2479 1144 2548; x_wconf 95' lang='lat' dir='ltr'><strong>di-</strong></span> 
     </span>
     <span class='ocr_line' id='line_1_13' title="bbox 45 2604 1142 2695; baseline -0.002 -22"><span class='ocrx_word' id='word_1_85' title='bbox 45 2607 153 2693; x_wconf 79' lang='lat' dir='ltr'><strong>stinxi,</strong></span> <span class='ocrx_word' id='word_1_86' title='bbox 179 2604 359 2673; x_wconf 89' lang='lat' dir='ltr'><strong>emendare</strong></span> <span class='ocrx_word' id='word_1_87' title='bbox 379 2605 541 2671; x_wconf 90' lang='lat' dir='ltr'><strong>nonsatis</strong></span> <span class='ocrx_word' id='word_1_88' title='bbox 561 2606 675 2695; x_wconf 87' lang='lat' dir='ltr'><strong>potui:</strong></span> <span class='ocrx_word' id='word_1_89' title='bbox 699 2606 812 2673; x_wconf 84' lang='lat' dir='ltr'><strong>curavi</strong></span> <span class='ocrx_word' id='word_1_90' title='bbox 834 2614 946 2671; x_wconf 89' lang='lat' dir='ltr'><strong>tamen</strong></span> <span class='ocrx_word' id='word_1_91' title='bbox 966 2612 1003 2672; x_wconf 91' lang='lat' dir='ltr'><strong>ut</strong></span> <span class='ocrx_word' id='word_1_92' title='bbox 1026 2625 1142 2671; x_wconf 88' lang='lat' dir='ltr'><strong>emen-</strong></span> 
     </span>
     <span class='ocr_line' id='line_1_14' title="bbox 46 2702 1142 2816; baseline -0.002 -23"><span class='ocrx_word' id='word_1_93' title='bbox 46 2726 182 2795; x_wconf 89' lang='lat' dir='ltr'><strong>dationis</strong></span> <span class='ocrx_word' id='word_1_94' title='bbox 202 2726 456 2793; x_wconf 88' lang='lat' dir='ltr'><strong>instrumentum</strong></span> <span class='ocrx_word' id='word_1_95' title='bbox 475 2731 631 2816; x_wconf 87' lang='lat' dir='ltr'><strong>paratnm</strong></span> <span class='ocrx_word' id='word_1_96' title='bbox 651 2733 749 2797; x_wconf 86' lang='lat' dir='ltr'><strong>esset.</strong></span> <span class='ocrx_word' id='word_1_97' title='bbox 798 2727 911 2815; x_wconf 87' lang='lat' dir='ltr'><strong>itaque</strong></span> <span class='ocrx_word' id='word_1_98' title='bbox 936 2702 1060 2793; x_wconf 81' lang='lat' dir='ltr'><strong>codicis</strong></span> <span class='ocrx_word' id='word_1_99' title='bbox 1080 2724 1142 2792; x_wconf 91' lang='lat' dir='ltr'><strong>Li-</strong></span> 
     </span>
    </p>
   </div>
   <div class='ocr_carea' id='block_1_4' title="bbox 45 2844 1252 2935">
    <p class='ocr_par' dir='ltr' id='par_1_4' title="bbox 45 2844 1252 2935">
     <span class='ocr_line' id='line_1_15' title="bbox 45 2844 1252 2935; baseline -0.002 -24"><span class='ocrx_word' id='word_1_100' title='bbox 45 2846 178 2933; x_wconf 88' lang='lat' dir='ltr'><strong>psiensis</strong></span> <span class='ocrx_word' id='word_1_101' title='bbox 201 2844 400 2935; x_wconf 87' lang='lat' dir='ltr'><strong>scripturam</strong></span> <span class='ocrx_word' id='word_1_102' title='bbox 419 2844 496 2935; x_wconf 78' lang='lat' dir='ltr'><strong>(L),</strong></span> <span class='ocrx_word' id='word_1_103' title='bbox 522 2845 652 2934; x_wconf 89' lang='lat' dir='ltr'><strong>quoties</strong></span> <span class='ocrx_word' id='word_1_104' title='bbox 676 2847 723 2927; x_wconf 78' lang='lat' dir='ltr'><strong>ab¹</strong></span> <span class='ocrx_word' id='word_1_105' title='bbox 748 2870 787 2915; x_wconf 88' lang='lat' dir='ltr'><strong>ea</strong></span> <span class='ocrx_word' id='word_1_106' title='bbox 811 2844 1041 2914; x_wconf 87' lang='lat' dir='ltr'><strong>recedendum</strong></span> <span class='ocrx_word' id='word_1_107' title='bbox 1067 2864 1141 2910; x_wconf 88' lang='lat' dir='ltr'><strong>esse</strong></span> <span class='ocrx_word' id='word_1_108' title='bbox 1249 2882 1252 2887; x_wconf 93' lang='lat'>·</span> 
     </span>
    </p>
   </div>
   <div class='ocr_carea' id='block_1_5' title="bbox 47 2959 1218 4258">
    <p class='ocr_par' dir='ltr' id='par_1_5' title="bbox 47 2959 1218 4258">
     <span class='ocr_line' id='line_1_16' title="bbox 47 2959 1139 3051; baseline 0.001 -22"><span class='ocrx_word' id='word_1_109' title='bbox 47 2964 226 3051; x_wconf 85' lang='lat' dir='ltr'><strong>videretur,</strong></span> <span class='ocrx_word' id='word_1_110' title='bbox 259 2989 301 3033; x_wconf 88' lang='lat' dir='ltr'><strong>ex</strong></span> <span class='ocrx_word' id='word_1_111' title='bbox 336 2964 481 3033; x_wconf 87' lang='lat' dir='ltr'><strong>editione</strong></span> <span class='ocrx_word' id='word_1_112' title='bbox 511 2965 640 3034; x_wconf 82' lang='lat' dir='ltr'><strong>Veneta</strong></span> <span class='ocrx_word' id='word_1_113' title='bbox 665 2967 719 3034; x_wconf 83' lang='lat' dir='ltr'><strong>vel</strong></span> <span class='ocrx_word' id='word_1_114' title='bbox 752 2988 794 3034; x_wconf 85' lang='lat' dir='ltr'><strong>ex</strong></span> <span class='ocrx_word' id='word_1_115' title='bbox 818 2964 980 3033; x_wconf 88' lang='lat' dir='ltr'><strong>Wunderi</strong></span> <span class='ocrx_word' id='word_1_116' title='bbox 1006 2959 1139 3031; x_wconf 88' lang='lat' dir='ltr'><strong>schedis</strong></span> 
     </span>
     <span class='ocr_line' id='line_1_17' title="bbox 47 3084 1138 3177; baseline 0 -26"><span class='ocrx_word' id='word_1_117' title='bbox 47 3087 211 3154; x_wconf 86' lang='lat' dir='ltr'><strong>annotavi:</strong></span> <span class='ocrx_word' id='word_1_118' title='bbox 245 3084 491 3154; x_wconf 88' lang='lat' dir='ltr'><strong>emendationes</strong></span> <span class='ocrx_word' id='word_1_119' title='bbox 523 3086 699 3177; x_wconf 84' lang='lat' dir='ltr'><strong>Bergleri,</strong></span> <span class='ocrx_word' id='word_1_120' title='bbox 730 3088 757 3153; x_wconf 90' lang='lat' dir='ltr'><strong>si</strong></span> <span class='ocrx_word' id='word_1_121' title='bbox 791 3085 986 3177; x_wconf 84' lang='lat' dir='ltr'><strong>probabiles</strong></span> <span class='ocrx_word' id='word_1_122' title='bbox 1020 3090 1138 3171; x_wconf 80' lang='lat' dir='ltr'><strong>essent,</strong></span> 
     </span>
     <span class='ocr_line' id='line_1_18' title="bbox 48 3203 1138 3298; baseline 0.002 -31"><span class='ocrx_word' id='word_1_123' title='bbox 48 3205 170 3273; x_wconf 89' lang='lat' dir='ltr'><strong>nominc</strong></span> <span class='ocrx_word' id='word_1_124' title='bbox 197 3208 266 3275; x_wconf 87' lang='lat' dir='ltr'><strong>eius</strong></span> <span class='ocrx_word' id='word_1_125' title='bbox 291 3205 457 3276; x_wconf 89' lang='lat' dir='ltr'><strong>interdum</strong></span> <span class='ocrx_word' id='word_1_126' title='bbox 482 3204 544 3273; x_wconf 91' lang='lat' dir='ltr'><strong>sed</strong></span> <span class='ocrx_word' id='word_1_127' title='bbox 567 3228 644 3272; x_wconf 88' lang='lat' dir='ltr'><strong>raro</strong></span> <span class='ocrx_word' id='word_1_128' title='bbox 673 3206 806 3275; x_wconf 90' lang='lat' dir='ltr'><strong>adiecto</strong></span> <span class='ocrx_word' id='word_1_129' title='bbox 827 3206 911 3298; x_wconf 84' lang='grc' dir='ltr'>(Β),</span> <span class='ocrx_word' id='word_1_130' title='bbox 945 3205 999 3275; x_wconf 83' lang='lat' dir='ltr'><strong>vel</strong></span> <span class='ocrx_word' id='word_1_131' title='bbox 1023 3203 1138 3295; x_wconf 88' lang='lat' dir='ltr'><strong>recepi</strong></span> 
     </span>
     <span class='ocr_line' id='line_1_19' title="bbox 48 3322 1205 3417; baseline 0.003 -30"><span class='ocrx_word' id='word_1_132' title='bbox 48 3324 95 3389; x_wconf 83' lang='lat' dir='ltr'><strong>rel</strong></span> <span class='ocrx_word' id='word_1_133' title='bbox 118 3327 394 3396; x_wconf 82' lang='lat' dir='ltr'><strong>commemoravi:</strong></span> <span class='ocrx_word' id='word_1_134' title='bbox 425 3347 518 3393; x_wconf 88' lang='lat' dir='ltr'><strong>meas</strong></span> <span class='ocrx_word' id='word_1_135' title='bbox 543 3326 626 3393; x_wconf 89' lang='lat' dir='ltr'><strong>tanti</strong></span> <span class='ocrx_word' id='word_1_136' title='bbox 651 3349 719 3396; x_wconf 90' lang='lat' dir='ltr'><strong>non</strong></span> <span class='ocrx_word' id='word_1_137' title='bbox 744 3327 849 3416; x_wconf 82' lang='lat' dir='ltr'><strong>facio,</strong></span> <span class='ocrx_word' id='word_1_138' title='bbox 881 3334 919 3393; x_wconf 88' lang='lat' dir='ltr'><strong>ut</strong></span> <span class='ocrx_word' id='word_1_139' title='bbox 945 3348 966 3391; x_wconf 88' lang='lat' dir='ltr'><strong>a</strong></span> <span class='ocrx_word' id='word_1_140' title='bbox 990 3322 1138 3417; x_wconf 87' lang='lat' dir='ltr'><strong>Bergle·</strong></span> <span class='ocrx_word' id='word_1_141' title='bbox 1200 3387 1205 3401; x_wconf 77' lang='grc'>,</span> 
     </span>
     <span class='ocr_line' id='line_1_20' title="bbox 48 3438 1138 3537; baseline -0.002 -25"><span class='ocrx_word' id='word_1_142' title='bbox 48 3438 135 3512; x_wconf 74' lang='lat' dir='ltr'><strong>danis</strong></span> <span class='ocrx_word' id='word_1_143' title='bbox 168 3445 418 3537; x_wconf 83' lang='lat' dir='ltr'><strong>distinguendas</strong></span> <span class='ocrx_word' id='word_1_144' title='bbox 451 3445 613 3518; x_wconf 82' lang='lat' dir='ltr'><strong>duxerim.</strong></span> <span class='ocrx_word' id='word_1_145' title='bbox 665 3450 774 3516; x_wconf 87' lang='lat' dir='ltr'><strong>neutri</strong></span> <span class='ocrx_word' id='word_1_146' title='bbox 805 3456 954 3517; x_wconf 88' lang='lat' dir='ltr'><strong>nostmm</strong></span> <span class='ocrx_word' id='word_1_147' title='bbox 984 3443 1138 3511; x_wconf 88' lang='lat' dir='ltr'><strong>iniuriam</strong></span> 
     </span>
     <span class='ocr_line' id='line_1_21' title="bbox 49 3556 1138 3656; baseline 0.007 -33"><span class='ocrx_word' id='word_1_148' title='bbox 49 3556 156 3630; x_wconf 82' lang='lat' dir='ltr'><strong>fecerit</strong></span> <span class='ocrx_word' id='word_1_149' title='bbox 183 3565 240 3655; x_wconf 89' lang='lat' dir='ltr'><strong>qui</strong></span> <span class='ocrx_word' id='word_1_150' title='bbox 264 3567 375 3634; x_wconf 89' lang='lat' dir='ltr'><strong>omnia</strong></span> <span class='ocrx_word' id='word_1_151' title='bbox 398 3566 577 3656; x_wconf 87' lang='lat' dir='ltr'><strong>inquibus</strong></span> <span class='ocrx_word' id='word_1_152' title='bbox 602 3564 688 3634; x_wconf 89' lang='lat' dir='ltr'><strong>haec</strong></span> <span class='ocrx_word' id='word_1_153' title='bbox 709 3567 811 3636; x_wconf 87' lang='lat' dir='ltr'><strong>editio</strong></span> <span class='ocrx_word' id='word_1_154' title='bbox 837 3589 858 3633; x_wconf 89' lang='lat' dir='ltr'><strong>a</strong></span> <span class='ocrx_word' id='word_1_155' title='bbox 884 3562 1002 3632; x_wconf 89' lang='lat' dir='ltr'><strong>codice</strong></span> <span class='ocrx_word' id='word_1_156' title='bbox 1023 3562 1138 3631; x_wconf 88' lang='lat' dir='ltr'><strong>differt</strong></span> 
     </span>
     <span class='ocr_line' id='line_1_22' title="bbox 48 3672 1203 3776; baseline 0.008 -33"><span class='ocrx_word' id='word_1_157' title='bbox 48 3672 203 3772; x_wconf 90' lang='lat' dir='ltr'><strong>Berglero</strong></span> <span class='ocrx_word' id='word_1_158' title='bbox 229 3683 424 3776; x_wconf 84' lang='lat' dir='ltr'><strong>ascripserit</strong></span> <span class='ocrx_word' id='word_1_159' title='bbox 475 3684 572 3753; x_wconf 86' lang='lat' dir='ltr'><strong>huius</strong></span> <span class='ocrx_word' id='word_1_160' title='bbox 598 3686 867 3773; x_wconf 88' lang='lat' dir='ltr'><strong>emendationes,</strong></span> <span class='ocrx_word' id='word_1_161' title='bbox 894 3707 977 3773; x_wconf 89' lang='lat' dir='ltr'><strong>quas</strong></span> <span class='ocrx_word' id='word_1_162' title='bbox 998 3683 1136 3773; x_wconf 87' lang='lat' dir='ltr'><strong>quidem</strong></span> <span class='ocrx_word' id='word_1_163' title='bbox 1200 3738 1203 3745; x_wconf 92' lang='lat'><em>.</em></span> 
     </span>
     <span class='ocr_line' id='line_1_23' title="bbox 50 3802 1218 3895; baseline 0.003 -29"><span class='ocrx_word' id='word_1_164' title='bbox 50 3815 130 3865; x_wconf 82' lang='lat' dir='ltr'><strong>veros</strong></span> <span class='ocrx_word' id='word_1_165' title='bbox 154 3825 228 3871; x_wconf 87' lang='lat' dir='ltr'><strong>esse</strong></span> <span class='ocrx_word' id='word_1_166' title='bbox 253 3812 425 3895; x_wconf 86' lang='lat' dir='ltr'><strong>putarem,</strong></span> <span class='ocrx_word' id='word_1_167' title='bbox 452 3806 564 3874; x_wconf 88' lang='lat' dir='ltr'><strong>curavi</strong></span> <span class='ocrx_word' id='word_1_168' title='bbox 587 3829 630 3874; x_wconf 87' lang='lat' dir='ltr'><strong>ne</strong></span> <span class='ocrx_word' id='word_1_169' title='bbox 654 3806 774 3874; x_wconf 88' lang='lat' dir='ltr'><strong>itemm</strong></span> <span class='ocrx_word' id='word_1_170' title='bbox 799 3807 833 3873; x_wconf 90' lang='lat' dir='ltr'><strong>in</strong></span> <span class='ocrx_word' id='word_1_171' title='bbox 857 3805 934 3872; x_wconf 82' lang='lat' dir='ltr'><strong>eins&#39;</strong></span> <span class='ocrx_word' id='word_1_172' title='bbox 947 3802 1135 3872; x_wconf 87' lang='lat' dir='ltr'><strong>annotatio-</strong></span> <span class='ocrx_word' id='word_1_173' title='bbox 1216 3836 1218 3845; x_wconf 54' lang='lat'><em>2</em></span> 
     </span>
     <span class='ocr_line' id='line_1_24' title="bbox 50 3914 1133 4013; baseline 0.005 -27"><span class='ocrx_word' id='word_1_174' title='bbox 50 3914 131 3986; x_wconf 79' lang='lat' dir='ltr'><strong>nibus</strong></span> <span class='ocrx_word' id='word_1_175' title='bbox 147 3931 365 4013; x_wconf 83' lang='lat' dir='ltr'><strong>ponerentur:</strong></span> <span class='ocrx_word' id='word_1_176' title='bbox 390 3929 615 4005; x_wconf 86' lang='lat' dir='ltr'><strong>annotationes</strong></span> <span class='ocrx_word' id='word_1_177' title='bbox 635 3935 762 3997; x_wconf 84' lang='lat' dir='ltr'><strong>ceteras</strong></span> <span class='ocrx_word' id='word_1_178' title='bbox 783 3933 910 3994; x_wconf 88' lang='lat' dir='ltr'><strong>tantum</strong></span> <span class='ocrx_word' id='word_1_179' title='bbox 929 3947 997 3993; x_wconf 91' lang='lat' dir='ltr'><strong>non</strong></span> <span class='ocrx_word' id='word_1_180' title='bbox 1017 3944 1133 3993; x_wconf 89' lang='lat' dir='ltr'><strong>omnes</strong></span> 
     </span>
     <span class='ocr_line' id='line_1_25' title="bbox 51 4035 1132 4139; baseline 0.005 -34"><span class='ocrx_word' id='word_1_181' title='bbox 51 4035 152 4107; x_wconf 78' lang='lat' dir='ltr'><strong>retinui</strong></span> <span class='ocrx_word' id='word_1_182' title='bbox 177 4049 211 4109; x_wconf 93' lang='lat' dir='ltr'><strong>et</strong></span> <span class='ocrx_word' id='word_1_183' title='bbox 234 4045 487 4131; x_wconf 87' lang='lat' dir='ltr'><strong>quantumficri</strong></span> <span class='ocrx_word' id='word_1_184' title='bbox 504 4047 613 4139; x_wconf 89' lang='lat' dir='ltr'><strong>potnit</strong></span> <span class='ocrx_word' id='word_1_185' title='bbox 631 4047 821 4116; x_wconf 86' lang='lat' dir='ltr'><strong>emendavi:</strong></span> <span class='ocrx_word' id='word_1_186' title='bbox 847 4050 942 4114; x_wconf 87' lang='lat' dir='ltr'><strong>erant</strong></span> <span class='ocrx_word' id='word_1_187' title='bbox 962 4041 1050 4111; x_wconf 91' lang='lat' dir='ltr'><strong>enim</strong></span> <span class='ocrx_word' id='word_1_188' title='bbox 1070 4063 1132 4110; x_wconf 86' lang='lat' dir='ltr'><strong>ne·</strong></span> 
     </span>
     <span class='ocr_line' id='line_1_26' title="bbox 51 4152 1131 4258; baseline 0.002 -31"><span class='ocrx_word' id='word_1_189' title='bbox 51 4152 281 4249; x_wconf 75' lang='lat' dir='ltr'><strong>glegenfissime</strong></span> <span class='ocrx_word' id='word_1_190' title='bbox 307 4185 493 4255; x_wconf 86' lang='lat' dir='ltr'><strong>expressae.</strong></span> <span class='ocrx_word' id='word_1_191' title='bbox 546 4188 660 4235; x_wconf 87' lang='lat' dir='ltr'><strong>carum</strong></span> <span class='ocrx_word' id='word_1_192' title='bbox 683 4183 763 4258; x_wconf 85' lang='lat' dir='ltr'><strong>pars</strong></span> <span class='ocrx_word' id='word_1_193' title='bbox 790 4166 852 4237; x_wconf 87' lang='lat' dir='ltr'><strong>sub</strong></span> <span class='ocrx_word' id='word_1_194' title='bbox 877 4173 969 4235; x_wconf 85' lang='lat' dir='ltr'><strong>textu</strong></span> <span class='ocrx_word' id='word_1_195' title='bbox 999 4160 1054 4233; x_wconf 84' lang='lat' dir='ltr'><strong>vel</strong></span> <span class='ocrx_word' id='word_1_196' title='bbox 1078 4160 1131 4230; x_wconf 91' lang='lat' dir='ltr'><strong>in·</strong></span> 
     </span>
    </p>
   </div>
   <div class='ocr_carea' id='block_1_6' title="bbox 0 0 1427 4742">
    <p class='ocr_par' dir='ltr' id='par_1_6' title="bbox 0 0 1427 4742">
     <span class='ocr_line' id='line_1_27' title="bbox 0 0 1427 4742; baseline 0 0"><span class='ocrx_word' id='word_1_197' title='bbox 0 0 1427 4742; x_wconf 95' lang='lat' dir='ltr'><strong> </strong></span> 
     </span>
    </p>
   </div>
  </div>
 </body>
</html>
