2817 4742
213 340 264 415 28
598 343 924 413 morittium

208 514 271 601 χίίς
287 516 485 603 φιλοίστορας
502 514 554 585 καί
573 515 651 602 πρὸς
664 511 805 601 μάθησιν
820 509 960 604 ίργαίσας
973 512 1020 583 det
1032 518 1083 582 καί
1097 514 1189 596 ξίνιυν
1204 514 1307 603 διμοί-

209 643 271 697 σας
288 613 499 704 διηγημάτων,
525 625 759 705 τεχνουργοῦσιν
773 618 883 697 αὐταῖς
897 616 1120 705 μυθολόγημα,
1147 623 1197 691 καί
1221 648 1307 707 περι-

211 718 363 807 βάλλουσι
387 717 503 810 φράσιν
525 728 570 816 τῷ
591 708 765 807 mirionum,
792 723 907 812 ῥυθμῷ
931 723 966 790 di
987 723 1024 790 sd
1043 726 1158 807 ψεῦδος
1179 726 1305 806 στιμμί-

212 829 316 907 ζουσι,
346 826 398 891 καί
414 822 539 913 μίτραις
558 822 610 894 οία
636 836 754 903 κεστοῖς
775 828 970 913 θελκτηρίους
989 827 1050 893 τισί
1074 826 1111 893 τὸ
1134 823 1305 913 τεροίτευμα

173 929 445 1012 Βκαλλωπίζουοι.
495 930 547 1001 καί
571 927 728 1014 τοσαιίτην
756 925 832 1013 είχιν
851 926 872 1013 ἦ
890 930 1073 1015 ψυχαγωγία
1094 929 1152 1013 τὴν
1175 925 1329 1013 discnssit

211 1028 256 1108 ὥς
270 1033 320 1101 καί
335 1025 492 1116 θεολόγων
506 1028 582 1103 εἶναι
595 1034 786 1117 νομίζεσθαι,
803 1034 858 1098 καί
871 1033 949 1121 παρ’
964 1032 1095 1109 ίκείνους
1108 1039 1222 1121 paredo
1235 1034 1307 1109 τούς

211 1130 325 1216 sicarie,
352 1136 404 1202 καί
425 1144 493 1212 ταῖς
513 1135 633 1219 ἐκείνων
646 1131 798 1224 γλαίτταις
810 1142 1030 1222 παραγυμνοῦν
1045 1146 1110 1213 τοῖς
1128 1133 1307 1220 ἀνθρώποις

212 1236 253 1311 sd
273 1237 370 1320 οἴκοι,
398 1239 450 1305 καί
472 1236 549 1307 τίτί
567 1264 642 1309 ποτε
655 1246 700 1333 cpi
717 1244 806 1326 σφῶν
819 1238 923 1306 αὐτῶν
937 1240 1174 1330 βίῳσυνίτυχεν
1188 1239 1307 1323 ἀνδρα-

211 1335 344 1427 γάθημα
365 1338 386 1425 ἢ
408 1336 602 1430 ιίυστιίχημα.
654 1339 766 1410 οὐκοῦν
781 1339 900 1429 ἓρῆσειέ
912 1367 959 1421 τις
974 1342 1077 1427 κοινὴν
1090 1339 1235 1408 ἁπάντων
1250 1342 1305 1408 ἀν-

104 1455 130 1506 V
148 1456 198 1511 1³6
214 1440 354 1532 θρῶπαιν
378 1443 437 1530 τὴν
452 1443 590 1533 ίστορίαν
610 1442 815 1527 διδάσκαλον,
837 1444 1053 1531 εἶσηγουμίνην
1067 1441 1113 1521 οίς
1127 1471 1159 1511 τε
1172 1443 1303 1531 ἔγχειρη-
1312 1458 1346 1515 10

212 1548 281 1615 τίον
303 1549 354 1613 καί
376 1544 591 1636 ‹inspectior›
613 1545 656 1626 ὡς
674 1548 718 1633 μή
740 1550 933 1616 συνοίσοντα.
986 1545 1252 1636 ίμφρονεστιίτους
1274 1574 1307 1615 τε

210 1652 286 1727 τούς
308 1649 500 1739 στρατηγοίς
520 1651 564 1719 ds’
592 1652 705 1741 ἐκείνης
728 1648 810 1719 ἔστιν
834 1654 925 1718 ίδεῖν·
952 1647 1073 1720 τάττειν
1086 1651 1146 1739 γὰρ
1162 1648 1308 1733 δυνάμεις

211 1754 372 1821 ἐπίσταται
379 1803 390 1835 ,
417 1750 502 1831 ὅπως
513 1779 546 1821 τε
561 1751 663 1840 λόχοις
675 1757 860 1847 σοφίζεσθαι
874 1754 967 1824 osted
982 1755 1136 1838 πολέμιον.
1174 1756 1224 1819 καί
1238 1765 1307 1831 ταῖς

172 1869 198 1925 c
213 1857 270 1943 μίν
282 1863 343 1924 τῶν
356 1854 459 1925 ἄλλων
472 1870 648 1945 συμφοραῖς
662 1856 935 1947 προμηθεστίρους
947 1864 1031 1947 σφεῖς
1044 1856 1158 1935 αὐτοὺς
1170 1853 1308 1943 ἀπεργά-

212 1964 293 2041 ζεται
301 2009 312 2042 ,
339 1970 406 2038 τοῖς
420 1966 640 2053 προσραλεῖσιν
654 1958 768 2049 ίτίροις
781 1962 913 2040 ἐκείνους
928 1960 1100 2030 toscona·
1126 1970 1195 2037 ταῖς
1209 1960 1245 2026 d'
1265 1953 1306 2025 asi
1314 1972 1344 2025 1⁵

208 2060 301 2129 πάλιν
325 2062 502 2149 εὐπραγίαις
523 2062 810 2152 εὐδαιμονεστέρους
827 2063 981 2147 ἀπέδειξε,
1008 2074 1132 2149 μικραῖς
1148 2064 1307 2151 ἀφορμαῖς

208 2161 344 2251 μεγάλας
366 2164 484 2250 ἀρετῶν
505 2165 644 2252 κορυφὰς
667 2165 892 2246 ίααυξιίνουσα.
944 2169 994 2233 καί
1013 2173 1060 2256 τῷ
1076 2167 1132 2250 μίν
1147 2163 1306 2254 πρεσβύτῃ

207 2263 393 2355 χειραγωγὸς
404 2268 451 2344 τίς
466 2267 593 2335 ἐστικαὶ
606 2270 778 2355 βακτηρία,
804 2275 850 2360 τῷ
866 2270 900 2335 dd
915 2269 974 2359 νίιρ
990 2269 1184 2356 παιδαγωγὸς
1200 2265 1306 2335 κάλλι-

209 2397 285 2450 στος
306 2374 356 2437 καί
378 2365 605 2451 συνετώτατος,
632 2377 670 2461 τῇ
688 2373 868 2464 πολυπειρίρι
882 2368 1033 2440 πολιοῦσιί
1048 2398 1114 2450 παις
1130 2373 1184 2439 τὸν
1196 2370 1306 2439 νεώτε-

210 2500 283 2559 ρον,
309 2477 359 2539 καί
384 2470 615 2561 προφθάνουσα
634 2480 691 2541 τοῦ
707 2470 821 2561 χρόνου
841 2474 883 2543 τὰ
906 2476 977 2542 κατ’
994 2475 1095 2561 ὀλίγον
1115 2473 1342 2558 μαθήματαῶ

207 2574 287 2667 πρὸς
299 2572 337 2660 ἣν
353 2576 581 2662 ἐπιδραμοῦμαι
595 2573 724 2660 καύτός,
751 2580 777 2643 εί
789 2580 839 2645 καί
852 2582 953 2658 μεῖζον
967 2576 986 2660 ἢ
1002 2578 1076 2642 κατ’
1091 2578 1144 2659 ἐμὲ
1158 2576 1194 2642 sd
1208 2576 1304 2661 ἐγχεί-

209 2808 311 2881 cupidis
328 2813 356 2863 et
372 2807 405 2863 ad
423 2806 569 2864 discendum
587 2808 650 2863 mire
666 2816 767 2877 'semper
785 2806 968 2862 inclinantibus
984 2822 1156 2877 noramche
1172 2808 1304 2862 narratio-

209 2897 270 2935 num
287 2880 431 2935 sitientibus
446 2896 505 2935 sese
522 2879 755 2942 accommodantes,
779 2878 889 2933 artificio
911 2876 1019 2947 quodam
1043 2879 1144 2931 fabulas
1168 2877 1233 2947 ipsis
1256 2895 1304 2931 scu

210 2951 333 3018 figmenta
348 2949 509 3018 procudunt,
535 2967 603 3020 quac
619 2950 685 3002 scita
702 2956 732 3001 et
747 2954 839 3002 ornata
856 2947 998 3001 elocutione
1015 2947 1192 3011 convestiunt,
1216 2966 1305 3000 irunie-

210 3035 254 3072 ros
270 3017 345 3087 quasi
362 3019 488 3087 quaedam
510 3018 640 3089 pigmenta
662 3026 691 3070 et
711 3018 795 3070 sucum
820 3016 935 3078 illinunt,
962 3023 989 3069 et
1010 3025 1131 3086 portenta
1147 3033 1196 3073 sua
1212 3017 1306 3070 curmi-

209 3087 287 3141 nibus
304 3092 335 3138 ut
350 3088 428 3141 cestis
444 3103 490 3139 seu
508 3087 616 3155 cingulis
633 3087 787 3155 quibusdam
804 3087 837 3139 ud
855 3086 1048 3139 delectationem
1066 3086 1192 3154 appositis
1209 3086 1304 3138 deceri-

210 3164 252 3209 ter
268 3154 437 3209 circumdant.
470 3161 620 3224 tantumque
637 3153 758 3224 voluptas
774 3172 806 3206 ea
824 3155 922 3218 valuit,
937 3162 967 3206 ut
984 3154 1061 3225 etiam
1078 3153 1207 3224 'l'lreolugi
1224 3156 1305 3208 babe-

210 3216 315 3287 rentur'‚
338 3229 365 3276 at
389 3223 427 3278 dii
448 3222 601 3277 immortales
627 3224 660 3275 ad
686 3222 883 3289 ecs-ventitare
899 3240 1038 3292 eorumque
1055 3223 1149 3291 linguis
1166 3223 1305 3277 domestica

209 3310 274 3359 sua,
298 3298 325 3346 et
341 3293 364 3345 si
382 3291 443 3361 quid
462 3291 597 3361 aliquando
615 3292 728 3344 faustum
746 3291 916 3345 infaustumue
933 3291 983 3345 sibi
1001 3292 1168 3361 contigisset,
1193 3291 1304 3346 bomini-

210 3364 259 3417 bus
278 3364 391 3432 pandere
407 3362 580 3415 crederentur.
614 3361 683 3431 quod
703 3379 758 3416 cum
774 3361 812 3414 ito
827 3362 877 3422 sit,
899 3359 1032 3413 historiam
1050 3378 1201 3430 communem
1223 3376 1305 3427 gene·

210 3432 248 3484 ris
271 3431 376 3484 humani
399 3432 545 3499 magistrum
568 3437 647 3501 atque
669 3432 807 3497 doctricem
823 3430 879 3483 iure
898 3430 1017 3494 dixerim,
1043 3438 1204 3498 praeeuntem
1227 3429 1304 3481 nobis

209 3517 242 3553 sc
259 3508 505 3567 praemonstrantem
522 3517 591 3571 quae
609 3516 746 3569 capessere
763 3508 790 3553 et
806 3517 873 3568 quae
891 3505 920 3550 ut
936 3499 1023 3552 inania
1038 3500 1151 3567 nihilque
1168 3498 1304 3565 prolatura

209 3569 343 3637 aspernari
361 3569 512 3635 debeamus3
537 3586 619 3641 aqua
637 3571 836 3624 corrdoceiactos
854 3569 933 3621 duces
950 3568 1072 3621 militares
1089 3565 1304 3636 prudentissimos

208 3637 324 3691 evasisse
342 3635 368 3687 in
386 3637 503 3689 confesso
527 3645 583 3690 esta
608 3638 682 3692 novit
700 3640 766 3691 emim
785 3639 889 3691 ordines
905 3636 1060 3707 disponere,
1080 3645 1107 3687 et
1123 3651 1176 3703 qua
1193 3635 1238 3687 via
1254 3637 1304 3687 lto-

207 3712 271 3759 stem
296 3705 390 3757 callide
414 3705 606 3760 circumvenias.
641 3706 731 3760 iisdem
755 3725 800 3776 per
825 3713 919 3761 eventa
943 3708 1026 3759 aliena
1049 3704 1252 3773 procurationem
1276 3710 1304 3758 et

208 3777 352 3829 cautionem
375 3773 493 3828 maiorem
516 3775 622 3836 inserit.
647 3793 747 3845 perque
768 3775 873 3829 aliorum
895 3776 1075 3828 frustrationes
1097 3780 1123 3824 et
1146 3772 1304 3830 offensiones

207 3846 305 3897 tutiore
326 3844 420 3900 itinere
437 3843 493 3897 illos
510 3843 590 3901 ducit.
624 3845 742 3898 similiter
762 3846 886 3898 secundis·
898 3845 1003 3898 aliorum
1020 3841 1180 3895 successibus
1202 3844 1303 3896 beatio·

208 3930 252 3966 rea
277 3913 374 3977 elficit,
399 3912 458 3967 dum
475 3930 520 3965 eus
537 3914 714 3969 occasionibus
731 3931 781 3966 nou
796 3913 895 3982 maguis
909 3913 942 3965 ad
958 3927 1106 3980 magnarum
1123 3909 1245 3964 uirtutum
1263 3913 1304 3965 ia-

206 3982 287 4050 stigia
305 3983 434 4051 provehit.
469 3989 504 4034 cc
517 3983 621 4035 senibus
638 3983 740 4052 quidem
758 3983 937 4036 manuductrix
953 3989 980 4034 et
997 3980 1116 4043 baculus,
1132 3980 1303 4033 adulescenti-

206 4051 257 4103 bus
280 4052 432 4121 paedugoga
450 4056 478 4103 et
493 4050 636 4104 institatrix
655 4053 752 4120 optima
769 4069 800 4103 uc
816 4051 1003 4123 sapientissima
1026 4056 1080 4110 est,
1106 4049 1200 4118 peritia
1224 4052 1302 4103 multa

207 4120 335 4187 quandam
353 4121 385 4174 iis
404 4120 522 4173 canitiem
541 4120 694 4185 concilians,
720 4126 748 4173 et
762 4138 828 4189 quae
846 4120 986 4190 procedens
1003 4127 1102 4185 tcmpus
1120 4119 1240 4186 paulatim
1259 4138 1303 4173 eos

207 4188 331 4250 doceret,
356 4208 388 4241 ea
404 4190 463 4259 ipsa
480 4190 594 4242 docendo
612 4196 786 4242 antevertens.
820 4191 863 4242 cui
880 4207 927 4257 ogo
944 4204 1045 4257 quoque
1064 4188 1175 4239 studium
1194 4198 1222 4241 et
1240 4208 1302 4260 ope·

208 4272 262 4309 rem
288 4273 367 4311 mecm
392 4260 500 4321 dicabo,
525 4274 668 4328 quanquam
691 4258 773 4311 maius
797 4277 863 4312 onus
882 4260 1018 4322 capessere
1035 4272 1075 4307 me
1092 4254 1209 4339 intelligo
1227 4276 1301 4326 quam

207 4325 264 4379 istis
281 4325 391 4380 humeris
408 4327 537 4383 sustinere
555 4326 667 4399 possim,
690 4327 895 4398 quandoquidem
912 4326 981 4379 nulla
998 4324 1059 4379 mihi
1075 4326 1226 4397 suppeditat
1244 4345 1303 4381 ver·
