2817 4742
483 372 538 438 AD
563 370 803 438 LECTOREM.
1137 392 1182 438 xv

96 543 254 612 Hcrwsrdo
275 548 314 608 ab
335 545 538 626 Hobenhurg,
561 542 756 608 serenissimi
775 539 918 631 principis
939 541 1086 610 Bavariae
1106 565 1181 608 con-

98 651 201 713 siliario
219 649 329 712 intimo
348 660 378 711 ct
402 650 584 731 inclytorum
606 659 739 711 statuum
758 645 973 713 Bavaricorum
996 648 1180 729 cancellario,

95 753 173 817 cuius
186 774 253 816 cura
268 764 299 816 et
311 753 445 839 impulsu
459 756 572 814 sactum
586 763 632 816 cst
647 763 680 814 ut
692 750 775 814 edito
789 752 925 831 catologo
938 749 1059 815 codices
1073 750 1181 816 Gracci

93 856 282 943 manuscripti
297 856 495 920 bibliothecae
509 854 674 919 bavaricae
687 876 757 917 cum
770 853 868 918 doctis
879 853 953 920 viris
966 852 1127 939 aliqnando
1140 853 1180 918 nd

94 960 238 1045 publicam
248 959 418 1022 utilitatem
441 959 741 1024 communicarentur.
792 958 826 1020 in
846 958 955 1045 quibus
975 959 1056 1021 hunc
1069 957 1181 1023 diutius

95 1063 183 1128 iacere
195 1064 227 1126 in
240 1063 372 1126 tenebris
385 1085 448 1126 non
464 1062 607 1150 oportuit.

351 1231 407 1297 DE
433 1232 600 1299 ottttssts
626 1233 652 1296 b
677 1227 925 1296 sttttoctTTA.

56 1447 57 1450 Ἴ
187 1370 235 1434 De
257 1371 383 1434 caeteris
403 1391 422 1432 a
445 1370 589 1458 scriptore
608 1370 666 1433 boc
686 1367 721 1430 in
733 1367 870 1431 Mauricii
883 1370 973 1431 rebus
986 1367 1180 1454 praetenuis·

94 1471 149 1551 sis,
168 1485 199 1536 et
222 1476 292 1559 quia
313 1494 463 1560 perpauca
483 1485 513 1536 et
535 1474 605 1560 quio
626 1495 689 1534 non
712 1472 815 1553 magni
836 1470 984 1534 momenti
998 1483 1084 1552 sunl,
1104 1472 1179 1534 niinl

95 1575 196 1640 dicam.
246 1575 297 1639 illa
318 1597 336 1637 a
354 1576 478 1662 reliquis
494 1579 636 1641 omnibus
649 1576 750 1662 posita
765 1586 795 1638 et
809 1575 979 1638 narratione
993 1595 1028 1636 ac
1042 1575 1117 1636 scitu
1132 1573 1181 1635 di-

96 1679 250 1758 gnissima,
276 1701 367 1765 quaro
391 1681 516 1743 tacuerit
541 1681 700 1761 (ignorare
720 1678 804 1741 enirn
826 1699 862 1738 ea
884 1698 947 1738 noo
960 1663 1081 1762 potuit)
1106 1697 1181 1740 con-

97 1780 197 1844 iectura
217 1781 396 1865 indagemus
417 1784 504 1862 licet,
530 1783 738 1847 crudelitatem
759 1780 791 1840 in
812 1778 997 1866 captivorum
1020 1776 1180 1842 duodecim

97 1885 199 1964 millia,
232 1909 310 1972 quos
341 1909 411 1949 cum
437 1907 500 1947 non
521 1886 563 1947 ita
584 1882 689 1964 grandi
716 1880 842 1968 pecunia
864 1879 1013 1948 redimere
1034 1882 1181 1966 potuisset

99 1989 171 2063 (non
193 1991 276 2050 enim
298 1991 368 2074 plus
388 2007 515 2050 nummo
535 2007 626 2049 aureo
644 1986 677 2046 in
695 1997 783 2069 caput
796 1984 995 2047 constituebat
1010 1984 1180 2066 (diagonus,

99 2088 185 2152 immo
205 2089 407 2173 dimidium),
440 2111 481 2154 ex
501 2089 625 2162 avaritia
644 2087 757 2166 noluit,
783 2097 873 2171 atque
894 2087 937 2148 ita
957 2097 991 2149 ut
1011 2108 1121 2151 omncs
1140 2087 1180 2152 ad

100 2212 183 2254 uomn
204 2205 402 2256 mactarentur
424 2194 457 2255 in
479 2213 566 2256 causa
579 2192 647 2260 suit.
700 2203 733 2252 et
748 2189 901 2276 displicuit
914 2191 972 2252 boc
984 2195 1112 2257 verbum
1125 2214 1179 2256 co·

100 2315 155 2356 ram
168 2295 302 2364 domiuo.
354 2299 551 2382 quamohrem
565 2316 620 2381 per
633 2293 767 2380 quietem
780 2315 814 2356 se
828 2291 865 2356 ad
881 2293 1034 2357 hbristum
1047 2294 1180 2359 iudicem

100 2396 171 2458 citari
190 2411 221 2462 et
240 2401 372 2461 accusari
394 2421 411 2460 a
432 2399 558 2485 captIvis
579 2397 665 2464 vidit.
696 2397 971 2482 ¹interrogatusque
989 2398 1078 2462 hicne
1093 2419 1132 2460 an
1145 2400 1178 2462 in

99 2500 183 2562 lubrra
196 2501 258 2564 rita
272 2503 403 2586 pretium
418 2503 476 2565 sibi
489 2525 545 2588 pro
560 2503 672 2563 scelere
684 2501 778 2564 vellet
798 2498 900 2579 reddi,
926 2499 975 2562 bic
993 2502 1058 2582 hic,
1083 2502 1179 2565 misc-

98 2601 178 2665 riccrs
203 2603 346 2681 domine,
377 2605 543 2692 respondit.
594 2615 660 2665 tum
680 2601 793 2682 iudex,
823 2601 932 2665 tradite
951 2603 1038 2666 illum
1058 2603 1178 2668 Phocoe

99 2703 156 2765 cuin
168 2729 261 2769 uxore
276 2719 306 2769 et
319 2707 432 2771 liberis.
483 2719 673 2793 experrectus
686 2706 889 2792 Philippicum
910 2707 1023 2769 sororis
1035 2709 1179 2769 maritum

101 2821 209 2890 repente
228 2811 401 2889 accersivit3
431 2821 461 2872 ct
473 2811 615 2896 ‹lconiam
630 2832 700 2871 curn
715 2808 883 2891 tyrannidis
897 2821 1070 2895 suspectum
1083 2813 1179 2873 babe-

103 2907 142 2967 bat
160 2910 286 2996 ideoque
306 2913 337 2974 in
359 2934 506 2976 carcerem
522 2913 707 2990 coniecerat,
727 2911 760 2972 in
774 2931 870 2993 genua
884 2911 1044 2997 procidens
1056 2912 1179 2978 veniam

103 3012 134 3072 ab
146 3033 180 3073 co
193 3015 309 3098 petivit.
353 3017 430 3077 baec
444 3036 461 3076 a
474 3015 662 3098 Theophane
676 3014 772 3075 insius
785 3025 985 3101 exponuntur.
1032 3016 1178 3105 perstrin-

104 3112 138 3190 git
151 3135 184 3176 ea
196 3114 344 3178 duntaxat
358 3115 545 3204 Nicephortts
560 3118 611 3180 lih.
630 3119 668 3179 18
682 3137 748 3202 cap.
762 3119 813 3182 38.
879 3190 881 3195 ,

134 3281 184 3347 DE
207 3285 439 3354 LIBERTATE
463 3284 669 3352 tucrottls
693 3284 737 3350 ΙΝ
761 3286 1145 3354 APPELLATIONIBUS.

189 3421 360 3486 Mortettdus
379 3424 457 3485 mihi
479 3447 529 3504 es,
550 3427 630 3487 bone
651 3427 759 3502 lector,
785 3422 1045 3510 Theophylactum
1058 3425 1091 3489 in
1102 3424 1177 3491 Pcr-

104 3519 138 3583 sis
154 3534 182 3584 ct
200 3523 325 3588 Perside
345 3527 537 3590 nominandis
558 3548 626 3589 esse
645 3526 804 3610 copiosum
818 3537 851 3588 et
864 3528 989 3592 varium.
1040 3534 1177 3594 nominat

103 3624 173 3686 enim
186 3627 253 3690 illos
267 3628 359 3691 etiarn
373 3627 573 3708 Babylonios,
596 3628 739 3707 Parthos,
758 3626 882 3709 Medos,
904 3629 1087 3712 Chaldaeos,
1106 3637 1177 3697 bar-

104 3727 197 3806 baros,
222 3733 300 3792 hauc
322 3728 474 3792 Medicam
494 3742 524 3791 et
544 3729 744 3812 Babyloniam
770 3731 852 3816 (quo
865 3738 1011 3797 vocabulo
1026 3748 1056 3798 et
1070 3735 1177 3797 Seleu-

105 3828 186 3910 ciam,
211 3835 325 3914 regiam
346 3833 470 3910 sedem,
497 3831 653 3916 aliquoties
678 3833 832 3915 intelligit:
864 3859 936 3900 narn
957 3849 987 3899 et
1006 3837 1176 3919 Babylonia

105 3928 170 3994 dicta
197 3940 279 4016 est),
307 3937 373 4001 sive
397 3947 502 4022 poetas
528 3935 667 4013 imitans,
693 3937 745 4020 qui
765 3937 932 4002 vicinorum
951 3939 1124 4004 nominibus
1143 3941 1176 4003 in

105 4037 278 4120 appellandis
292 4041 367 4102 locis
381 4052 410 4101 et
424 4037 561 4120 gentibus
575 4048 715 4117 utuntur3
741 4040 807 4105 sivo
826 4043 895 4126 quia
909 4041 984 4104 olim
998 4044 1054 4105 suh
1068 4041 1176 4108 eadem

106 4143 261 4203 monarchia
275 4163 382 4205 omnes
395 4146 532 4221 suerunt3
557 4142 622 4207 sive
636 4141 704 4227 quia
718 4144 770 4206 alii
782 4167 823 4206 cx
836 4146 904 4205 aliis
918 4143 1132 4210 descenderunt
1146 4159 1177 4210 et

105 4238 147 4298 alii
164 4256 231 4327 post
250 4245 327 4308 alios
345 4266 446 4308 rerum
461 4245 550 4332 potiri
569 4257 647 4310 sunt.
699 4246 747 4308 cui
758 4247 803 4308 rei
815 4244 988 4331 probandae
1000 4249 1110 4312 faciunt
1123 4251 1176 4312 itta

106 4344 181 4406 verba
201 4349 290 4428 legati
312 4347 465 4413 Chosroac
484 4348 563 4430 regis
583 4347 743 4412 Persartun
762 4348 802 4411 ad
820 4348 995 4448 Mauricium
1009 4353 1176 4440 imperato·
