2817 4742
99 1064 1136 1215 ouoorAAuuor

282 1294 973 1392 raucorum

467 1487 681 1556 aoros
719 1482 779 1557 sn

111 1693 1121 1805 THEOPHYLAGTI

277 1900 964 1981 HISTORIARUM

471 2081 653 2150 LIBER
701 2081 768 2150 VI.

515 2301 725 2321 m

196 2481 1045 2585 PONTANIARGUMENTUM.

69 2689 114 2757 (1)
149 2644 536 2764 Inturbulenta'tcmpestate
554 2694 709 2747 Perinthum
727 2696 782 2747 sice
792 2694 948 2747 Heracleam
959 2693 1092 2762 navigare
1103 2710 1166 2749 con·

70 2760 176 2811 tendens
193 2762 337 2815 Mauricius
357 2766 486 2816 Daunium
501 2765 652 2831 appellitur.
686 2764 747 2815 inde
756 2764 912 2815 Heracleam
924 2781 987 2830 equa
999 2770 1085 2814 uectus
1097 2764 1166 2832 Gly-

71 2829 156 2880 ceriae
167 2830 293 2895 martyris
306 2834 401 2899 templo
413 2833 549 2899 reficiendo
558 2832 693 2899 pecuniam
707 2832 846 2899 elargitur.
880 2837 1022 2881 monstrum
1038 2834 1114 2898 pueri
1134 2832 1165 2885 in

75 2895 190 2949 Thracia
201 2906 365 2966 pragmatum
384 2918 411 2951 eo
432 2900 752 2953 mandanteiutcrimitur.
787 2900 832 2967 (Q)
849 2915 928 2965 equuus
940 2900 1104 2966 imperatoris
1117 2902 1165 2954 dc·
1243 2940 1245 2944 Α

72 2974 173 3032 repente
198 2968 331 3033 disruptus
354 2970 471 3022 moritur.
507 2986 538 3021 ea
553 2969 649 3020 eventis
664 2972 764 3036 futura
782 2969 856 3019 mala
874 2974 983 3019 moedus
1004 2976 1163 3035 auguratur.
1214 2983 1216 2989 ’

72 3046 137 3099 grea
157 3052 291 3087 ceruorum
310 3037 435 3096 accurrit:
461 3054 480 3089 a
499 3038 654 3089 satellitibus
671 3038 860 3105 insequentibus
876 3036 986 3105 plurimi
1000 3038 1163 3103 funduntur.

76 3102 188 3170 (lepidae
200 3106 311 3157 hominis
326 3107 354 3157 iu
371 3107 483 3175 quondam
495 3107 620 3174 stipatore
633 3114 738 3174 propter
752 3114 873 3158 ornatum
885 3107 992 3158 uestitus
1006 3108 1162 3161 trucidando

72 3174 149 3225 scelus
161 3176 301 3241 nefarium.
322 3182 375 3227 tres
388 3178 478 3229 Sclaui
490 3193 547 3227 cum
558 3175 666 3227 citharis
678 3176 816 3243 capiuntur
829 3182 855 3229 et
866 3176 1055 3229 examinantur.
1079 3192 1163 3245 quare

72 3238 219 3294 Sclaoarum
240 3260 307 3311 gens
327 3246 429 3295 auxilia
450 3246 579 3313 Chaguno
599 3245 745 3312 negauerit.
779 3262 866 3297 eorum
876 3245 991 3296 studium
1007 3245 1036 3295 in
1048 3246 1161 3299 musicis.

74 3308 115 3374 (3)
130 3319 233 3364 senatus
253 3312 433 3379 imperatorem
452 3330 500 3382 per
518 3315 619 3381 legatos
632 3314 669 3364 ad
681 3314 838 3365 redeuntium
852 3318 960 3381 frustra
973 3314 1078 3367 invitat.
1111 3331 1161 3383 per

74 3376 127 3430 loca
142 3382 273 3464 paludosa
293 3382 330 3431 ad
345 3388 446 3449 pontcm
462 3389 604 3449 angustum
619 3382 743 3434 exercitus
755 3382 886 3443 incedens,
904 3383 958 3434 eius
969 3399 1033 3433 cura
1048 3389 1073 3434 ct
1086 3384 1173 3442 salli-⁴

75 3446 182 3501 citudrne
194 3450 347 3501 adiuvatur.
381 3450 416 3500 ad
428 3451 585 3502 Anchialum
596 3458 683 3503 castra
689 3450 770 3518 facit.
802 3457 907 3519 propter
919 3458 1034 3503 oratores
1045 3450 1161 3505 Persicos

76 3512 315 3588 Constantinopolim
332 3519 433 3587 repetit.
466 3520 627 3571 Francorum
637 3537 682 3573 reu
694 3537 744 3587 pro
755 3520 874 3571 societate
887 3521 1012 3572 tributum
1022 3522 1161 3589 postulans

75 3583 136 3636 nihil
154 3589 223 3657 agit.
258 3589 401 3657 chaganus
416 3595 524 3655 pactam
541 3590 686 3656 pensionem
702 3589 798 3656 augeri
814 3605 931 3657 possem,
947 3606 993 3640 nec
1007 3590 1158 3656 impetrans,

76 3648 161 3707 bellum
173 3662 265 3710 mouet.
299 3656 401 3709 Sclauis
417 3672 497 3707 naves
513 3657 630 3725 imporat.
667 3656 711 3725 (4)
728 3658 929 3725 singidonenses
944 3658 1050 3710 Solauos
1068 3658 1158 3707 ineur-

76 3730 136 3774 tout.
169 3726 294 3793 chagani
308 3728 441 3779 uoluntate
451 3723 582 3794 Singidan
592 3727 723 3779 obsidione
733 3727 867 3779 liberatur.
901 3728 1014 3794 nauigia
1027 3744 1045 3777 a
1056 3724 1158 3777 Sclavis

75 3793 264 3847 transmittendo
276 3795 385 3863 flumini
401 3795 609 3863 compinguntur.
645 3795 735 3848 Prisco
747 3795 881 3865 Europaei
893 3797 954 3849 belli
967 3794 1160 3846 administratio

75 3862 239 3927 permittitur,
257 3865 302 3931 qui
314 3864 469 3916 Saluianum
485 3864 602 3932 legatum
615 3864 669 3917 siue
681 3866 817 3917 subducem
830 3864 913 3933 tegit,
930 3864 1002 3916 etad
1015 3864 1158 3917 olusatrum

77 3934 303 4000 unoocupaatam
314 3934 404 3985 mittit.
438 3934 579 3986 Salvianus
591 3940 726 4002 conspecta
739 3935 907 3987 barbararum
918 3932 1084 3983 multitudine
1093 3949 1156 4001 pcr-

77 3999 169 4051 unitas
190 4002 300 4069 refugit.
334 4001 453 4069 conflictu
465 4003 502 4053 ad
515 4004 648 4055 castellum
664 4003 775 4055 llomani
791 4004 887 4054 hostem
900 4006 1038 4067 superant.-
1063 4018 1154 4068 super-

79 4069 180 4121 calente
191 4070 320 4152 chagano
335 4070 487 4139 aufugiunt.
522 4073 566 4140 (5)
583 4074 634 4123 iter
649 4072 782 4139 Chagaui.
799 4070 943 4125 Alexandri
953 4071 1076 4138 martyris
1088 4078 1154 4122 tcm-

78 4130 138 4194 plum
155 4138 278 4191 incendat.
313 4157 331 4192 a
348 4140 473 4192 Romanis
486 4142 684 4207 speculatoribus
696 4159 742 4192 nec
747 4140 848 4207 flagris
863 4145 1008 4205 extorquere
1018 4141 1154 4193 acritatem

79 4206 156 4261 chst.
184 4208 329 4276 ‘Driuipera
340 4210 471 4260 adoritur.-
488 4208 981 4277 indediuiuoquadamuisoesterritus
994 4210 1056 4262 abit.
1089 4209 1153 4261 Pri-

81 4279 123 4322 *ωε
141 4288 156 4325 e
175 4277 293 4343 conflictu
314 4278 351 4331 ad
368 4278 522 4333 Heracleam
539 4278 604 4333 iuita
617 4278 824 4349 Didymotichum
832 4277 925 4349 sugit,
944 4278 1037 4333 Zuruli
1047 4296 1065 4333 a
1080 4278 1152 4331 Cha·

569 4437 581 4481 Ι
