2817 4742
228 292 303 364 272
617 224 940 360 tumulandam

225 465 333 547 βηνοίς
354 461 437 528 λείαν
458 460 655 547 ἓπαγσμίνοις
672 460 832 547 Ῥωμαίων
856 458 987 548 πολλήν·
1020 463 1061 530 τά
1080 464 1140 551 γάρ
1164 467 1319 533 Ζαλδαπά

227 569 279 633 ιιαί
289 565 379 641 Ἄσιος
394 566 446 631 καί
461 564 575 642 Σκόπις
595 563 939 653 καταπρονομεάσαντες
955 560 1050 645 αὖθις
1063 566 1320 655 ἑλαφυραγιάγουν
1392 576 1393 663 l

226 668 301 744 τοίς
321 665 554 752 ἀτυχήσαντος,
580 664 618 752 ἦν
631 672 665 736 δὲ
679 670 786 746 αὐτοῖς
805 672 852 737 dni
868 666 1012 754 πλήθους
1027 676 1142 738 πολλοῦ
1160 668 1320 754 άμαξῶνή
1392 664 1393 733 ἶ

60 811 68 822 ·
152 793 155 797 “
226 771 379 854 άποσκευὴ
408 777 471 837 τῶν
500 769 658 860 λαφύρων.
710 770 753 849 ολς
776 774 810 839 δὲ
831 771 977 840 ίπιύντων
999 774 1136 858 ἔβλεψαν
1155 775 1231 851 τούς
1249 770 1321 839 Ῥω·
1392 774 1393 865 l

189 877 340 957 Ομαίους
360 872 389 938 οἶ
406 870 584 960 βάρβαροι,
621 874 686 943 εἶτα
708 878 760 943 καί
780 875 1053 964 άντεβλίφθησαν,
1080 880 1129 943 ἐπί
1150 877 1207 943 τὸν
1229 873 1336 963 φύνον5
1392 870 1393 953 J

226 984 291 1044 τῶν
313 975 515 1061 αίχμαλάτων
536 975 716 1065 ἐτράποντο.
770 978 939 1065 ἀναιρεῖται
958 984 1061 1048 τοίνυν
1075 977 1096 1065 ἦ
1110 986 1173 1046 τῶν
1188 978 1317 1064 άρρίνων

227 1077 432 1169 αἰχμαλώτων
449 1078 569 1165 ἡβηδὸν
581 1079 692 1165 ἡλικία.
745 1082 808 1150 duel
823 1085 857 1149 δὲ
873 1080 1063 1171 ίύσφευκτος
1074 1094 1139 1159 τοῖς
1151 1080 1318 1167 βαρβάροις
1392 1078 1393 1105 J

225 1180 308 1267 ύπῆν
320 1180 340 1265 ἢ
354 1179 548 1268 συνάντησις,
575 1186 632 1262 τάς
647 1181 770 1268 άμάξας
783 1186 947 1263 συνθίντες
960 1183 1177 1274 περιεβάλοντο
1189 1183 1318 1271 χάρακα,

122 1305 146 1358 v
162 1303 215 1361 253
231 1283 298 1370 ἅμα
312 1297 378 1362 τοῖς
390 1289 556 1373 μειρακίοις
565 1289 606 1353 τά
620 1286 730 1373 γύναια
744 1294 786 1366 εἰς
800 1290 835 1355 τά
848 1291 1035 1374 μεσαίτατον
1048 1296 1105 1373 τῆς
1116 1287 1241 1375 τάφρου
1255 1291 1319 1353 lvc-
1392 1308 1393 1311 ’

232 1389 407 1470 ποθίμενοι.
457 1390 487 1457 οἱ
511 1391 545 1456 δέ
565 1388 709 1474 Ῥωμαῖοι
733 1390 972 1475 πεπλησιακάτες
993 1404 1058 1470 τοῖς
1073 1398 1103 1459 Γ
1100 1394 1183 1473 ίταις
1210 1393 1317 1479 (τοῦτο
1325 1402 1358 1452 10

230 1492 291 1579 γάρ
316 1502 382 1568 τοῖς
399 1489 573 1579 βαρβάροις
592 1495 628 1561 τά
652 1494 861 1582 πρεσβύτερον
878 1495 997 1582 ὄνομα)
1029 1496 1085 1562 οὐκ
1105 1492 1263 1579 ἐθάρρουν
1283 1498 1320 1569 είς
1392 1498 1393 1521 ³

230 1606 336 1680 χεῖρας
351 1597 470 1663 ἐλθεῖν·
496 1598 650 1664 ἐδεδίεσαν
659 1599 720 1685 γάρ
734 1598 773 1665 τά
787 1601 820 1664 da
834 1606 889 1665 scri
900 1597 1041 1686 χάρακος
1055 1597 1211 1665 sacristia
1224 1600 1320 1665 lunae

231 1695 294 1763 dud
309 1706 371 1763 τῶν
385 1698 557 1784 βαρβάρων
569 1699 695 1767 dadam
709 1697 927 1787 προερχόμενα.
980 1700 996 1767 ά
1011 1704 1113 1768 τοίνυν
1128 1697 1247 1767 τούτων
1260 1700 1320 1765 ἔπι·
1392 1700 1393 1775 J

232 1806 356 1866 στατῶν
381 1800 596 1887 (Ἀλεξανδρος
619 1803 717 1885 ὄνομα
742 1802 847 1891 αὐτῷ)
874 1810 913 1889 τῇ
936 1807 1055 1892 πατρίῳ
1083 1806 1146 1871 τῶν
1167 1801 1319 1886 Ῥωμαίων

233 1908 323 1989 φωνῇ
344 1913 408 1977 τοῖς
425 1900 587 1985 Ῥωμαίοις
609 1901 790 1971 ε’νειιελεύετο
805 1908 856 1971 καί
869 1905 1107 1992 κατασυστάιλην
1121 1912 1184 1973 τῶν
1199 1913 1318 1986 πολεμι-
1326 1908 1360 1963 15
1392 1946 1393 1965 2

190 2013 295 2079 nenia
323 2002 471 2072 κινδύνων
499 2004 704 2092 ἐφάπτεσθαι.
755 2008 835 2096 ἀτάρ
861 2009 891 2075 οἱ
908 2006 1053 2093 Ῥωμαῖοι
1074 2005 1246 2091 άποβάντες
1262 2012 1320 2072 τῶν
1392 2004 1393 2071 s

229 2108 332 2172 ἵππων
354 2113 577 2191 προσομιλοῦσι
597 2117 642 2196 τῷ
661 2106 793 2193 χάρακι,
820 2108 963 2177 ἐδίδοσάν
975 2137 1008 2176 τε
1022 2114 1073 2175 καί
1094 2108 1320 2191 άντελάμβανον
1392 2146 1393 2195 3

230 2207 289 2285 τάς
306 2209 464 2289 ε’κπομπάς
477 2216 540 2275 τῶν
550 2215 659 2291 βελῶν.
696 2216 753 2293 τῆς
763 2207 864 2294 μάχης
877 2219 1039 2297 τοιγαροῦν
1056 2208 1241 2296 διαρκούσης
1253 2208 1336 2299 ἔνιοι·Ι
1392 2222 1393 2225 ’

230 2312 306 2403 slep
327 2308 454 2394 δυνάμει
473 2308 623 2394 Ῥωμαῖός
644 2337 690 2388 τις
712 2310 909 2398 είσεπήιλησε,
933 2316 984 2379 καί
1005 2312 1086 2391 dvala
1102 2317 1150 2379 ἐπί
1161 2320 1236 2397 μιᾶς
1259 2316 1322 2379 ἔπι-

231 2416 330 2500 βαίνει
354 2410 474 2499 άμάξης
494 2416 707 2500 συνηνωμένης
726 2422 772 2504 τῷ
790 2414 903 2503 χάρακι
927 2418 976 2481 καί
999 2413 1265 2504 περιφροορούσης
1286 2416 1362 2481 eleo

232 2516 413 2604 βάρβαρον,
448 2514 513 2582 εἶτα
534 2519 611 2595 στάς
638 2522 686 2584 ἐπὶ
705 2517 822 2603 ταύτης
842 2525 886 2607 τῷ
910 2522 988 2605 ξίφει
1010 2521 1083 2595 τούς
1103 2517 1322 2599 πλησιάζοντας

234 2621 328 2687 ἔπαιε.
381 2623 495 2705 γίνεται
516 2622 619 2687 τοίνυν
641 2632 705 2696 τοῖς
730 2616 902 2707 βαρβάροις
926 2618 1136 2703 άμεθάάευτον
1156 2620 1192 2685 τὸ
1216 2615 1321 2685 κακόν·

234 2720 342 2789 λύουσι
357 2722 415 2809 γάρ
431 2723 574 2790 ἐντεῦθεν
586 2710 616 2790 ὀί
627 2721 772 2806 Ῥωμαῖοι
785 2730 848 2789 τῶν
862 2721 1032 2807 βαρβάρων
1047 2722 1100 2789 τὸν
1110 2720 1244 2807 χάρακα.
1293 2722 1323 2788 οἱ

236 2821 271 2891 dd
286 2822 441 2912 βάρβαροι
457 2825 651 2914 άπειρηκάτες
665 2835 720 2893 τοῦ
736 2823 889 2906 σώζεσθαι
904 2826 960 2909 τὴν
976 2828 1129 2903 ἐπίλοιπον
1142 2832 1197 2908 τῆς
1212 2828 1323 2909 αἰχμα-

236 2931 350 3005 λωσίας
367 2940 480 3016 μοῖραν
501 2930 707 3019 ἀπέσφαττον.
732 2954 734 2957 ·
761 2931 790 2997 οἱ
811 2926 1001 3013 άὲῬωμαῖοι
1016 2921 1169 3019 {papaver
1183 2930 1359 3013 lucader-25

306 3092 349 3146 18.
366 3090 536 3162 ὃιανρούσης
551 3092 595 3145 ΙΡ.

238 3246 287 3285 ves
307 3230 405 3299 praeda
429 3229 544 3283 Romana
563 3232 667 3284 onustos
683 3227 808 3283 incidunt.
841 3227 957 3297 Zaldapa
973 3242 1083 3297 nanque
1099 3227 1167 3297 acya
1183 3232 1212 3281 et
1227 3227 1325 3299 Scopas

237 3300 388 3369 depopulati
405 3300 438 3352 de
454 3298 557 3367 integre
573 3298 678 3352 miseros
696 3299 880 3370 expilaverant,
898 3298 1013 3368 plaustra
1029 3296 1160 3366 complura
1175 3297 1264 3366 spoliis
1280 3300 1325 3352 in·

237 3369 382 3437 pleverant.
416 3370 521 3421 barbari
542 3374 572 3421 ut
594 3369 721 3422 Romanae
745 3368 900 3420 imminentes
918 3367 1038 3419 viderunt
1054 3376 1081 3419 et
1097 3367 1130 3419 ab
1143 3366 1177 3419 iis
1194 3364 1243 3418 visi
1260 3378 1324 3431 aunt,

238 3436 272 3491 ad
297 3437 416 3504 captivos
439 3437 591 3505 iugulandus
615 3442 794 3506 prorumpunt,
822 3438 963 3505 pubemque
986 3444 1066 3489 tetam
1088 3453 1104 3488 e
1125 3430 1209 3488 medie
1225 3436 1324 3489 tellunt.

236 3505 354 3574 queniam
371 3522 434 3557 vero
451 3523 582 3560 occursura
599 3508 767 3561 Romanorum
784 3506 867 3559 vitare
884 3523 913 3557 se
930 3506 974 3557 vix
990 3522 1067 3575 pesse
1084 3506 1235 3569 cernebant,
1255 3506 1325 3558 aelri-

238 3574 303 3626 culis
319 3573 414 3624 iunctis
431 3590 484 3640 pro,
497 3578 564 3627 vallo
581 3592 611 3627 se
627 3576 841 3642 circumsepiunt,
865 3590 957 3643 pueros
982 3583 1010 3627 et
1033 3574 1151 3627 mulieres
1174 3573 1202 3625 in
1219 3574 1324 3627 median

237 3641 372 3712 recipiunt
406 3641 515 3693 Romani
532 3643 609 3695 Getis
625 3646 693 3709 (hoc
711 3644 775 3695 anina
793 3645 844 3697 illis
861 3662 952 3697 nomeu
969 3644 1120 3709 natusest)
1138 3642 1272 3712 propiores
1288 3645 1324 3695 la-

239 3713 277 3765 cti
294 3727 392 3764 manum
409 3727 544 3765 conserere
560 3712 671 3763 cominus
686 3729 737 3764 nen
754 3713 897 3776 audebant,
922 3732 937 3766 e
964 3713 1031 3765 valle
1052 3710 1196 3766 accidentia
1212 3711 1238 3763 in
1256 3714 1323 3779 ipae-

238 3789 294 3836 εσσε
318 3790 399 3851 equas·
423 3780 475 3832 tela
498 3787 657 3844 metuentes,
682 3798 740 3832 cum
757 3784 901 3837 Alexander
919 3784 1065 3852 praefectus
1082 3798 1127 3834 ecs
1143 3781 1175 3834 ad
1192 3779 1323 3833 discrimen

238 3850 348 3905 stataria
371 3865 456 3918 pugna
480 3848 634 3901 subeundum
661 3851 747 3915 patria
777 3852 865 3919 lingua
888 3856 1047 3904 cohortatur.
1082 3868 1145 3917 erge
1165 3847 1272 3902 Romani
1294 3846 1323 3898 de

240 3918 315 3987 equis
331 3918 515 3971 descendentes
531 3918 564 3970 ad
581 3917 674 3969 vallum
692 3920 841 3985 precedunt.
875 3921 926 3974 tela
943 3921 1063 3988 utrinque
1079 3919 1218 3972 iaciuntur.
1250 3922 1279 3968 et
1294 3928 1322 3967 ax

239 3993 317 4054 pa‘rte
346 3995 456 4056 utraque
482 3989 567 4041 Marte
590 3985 754 4051 continuato,
780 3990 906 4041 Romanus
929 3990 1031 4057 quidam
1056 3989 1152 4046 insilit,
1178 3985 1323 4050 enitensque

241 4055 383 4125 plaustrum
400 4057 468 4114 velle
484 4056 644 4109 coniunctura
665 4061 691 4106 et
709 4074 755 4125 pro
773 4058 920 4111 defensione
944 4058 1068 4111 obiectum
1087 4054 1248 4111 conscendit,
1274 4053 1322 4104 illis

242 4141 293 4192 que
309 4123 430 4176 insistens
447 4126 599 4178 accedentes
616 4123 702 4193 gladie
720 4126 789 4177 ferit.
826 4127 942 4182 barbaris
968 4128 1042 4180 deest
1062 4124 1139 4177 cledis
1163 4120 1322 4189 effugiendae

243 4191 383 4246 ccarsiliurn.
418 4203 585 4264 perrumpant
610 4195 708 4262 quippe
732 4196 825 4247 vallum
846 4196 967 4259 licinani3
996 4212 1026 4247 ex
1049 4211 1100 4259 que
1115 4192 1220 4243 barbari
1237 4192 1322 4243 salutis

244 4278 291 4331 apa
316 4261 401 4316 orbati
423 4263 550 4335 reliquum
572 4263 731 4334 captivorum
748 4273 848 4321 necant.
882 4265 988 4322 Romani
1005 4278 1099 4329 magna·
1112 4259 1177 4313 uolc
1193 4260 1323 4326 irruentes,
1392 4306 1393 4331 J
