2817 4742
532 311 682 384 nudum
712 313 816 388 t.11.
1173 311 1221 388 43

119 486 222 567 σιλεδς
235 481 386 574 Μιχαῆλ,
411 483 454 565 ὥς
467 481 526 572 είχε
538 481 710 571 δυνάμεως,
734 483 946 573 εὐαρίθμητον
960 480 1107 570 σχεδιάζει
1120 509 1217 572 στρα-
1234 500 1259 554 l)

119 592 178 660 τδν
199 594 252 660 καί
271 591 353 660 κατά
371 595 428 658 τοῦ
452 586 605 677 τυράννου
626 589 705 677 πρδς
727 588 782 657 τόν
802 588 959 676 εἰρημένον
977 589 1097 676 ἴρχεται
1116 596 1220 677 χῶρον

120 696 180 764 οὖν
195 692 303 787 κόσμῳ
317 696 538 783 οτρατηγεσίας
549 695 660 774 παντί,
686 687 789 778 λόγοις
803 695 854 758 καί
874 703 943 768 ταῖς
964 692 1072 770 άλλαις
1088 690 1220 778 άποοχί-

119 824 189 867 σεσι
214 799 290 877 τοδς
312 794 461 876 συνόντας
485 792 662 884 ἔπιρωννός.
715 793 732 863 ὅ
759 797 794 863 δὲ
813 792 963 882 τύραννος
986 793 1099 881 πλήθει
1116 803 1221 888 πολλῷ

90 904 163 988 sto}
176 900 264 987 μάλα
280 898 456 984 όπιιντιάζει
476 908 521 992 τῷ
540 907 679 985 βασιλεῖ,
705 900 927 987 σχηματίζεταί
941 925 973 966 τε
996 896 1113 987 φυγήν,
1142 899 1221 969 ὥστε

117 1006 175 1075 τὸν
190 1014 246 1074 τοῦ
259 1006 411 1101 βασιλέως
426 1012 565 1093 στρατοῦ
577 1007 766 1089 διαλυθῆναι
787 999 1019 1086 συνασπισμόν·
1046 1001 1222 1092 διαμαρτά-

118 1135 165 1176 νει
178 1111 213 1176 δὲ
224 1116 280 1176 τοῦ
294 1116 423 1191 σκοποῦ,
450 1105 528 1194 μήτε
542 1107 601 1194 τὴν
613 1105 701 1186 τάξιν
711 1115 769 1174 τοῦ
781 1113 945 1190 βασιλικοῦ
960 1103 1109 1184 διαλάσας
1123 1133 1221 1195 στρα-

117 1219 196 1294 τοῦ,
223 1209 300 1298 μήτε
321 1223 387 1289 τοῖς
411 1209 523 1280 ἑαυτοῦ
538 1218 741 1299 συνοφθῆναι
756 1209 821 1289 οἶός
839 1237 874 1279 τε
890 1209 1038 1298 γεγονώς,
1067 1211 1147 1278 άλλά
1159 1219 1222 1279 τῶν

118 1319 266 1384 ἐναντίων
281 1316 326 1400 μὴ
342 1315 470 1402 ἐνεγκὼν
486 1316 544 1400 τὴν
562 1312 663 1402 ὁρμήν
671 1364 681 1396 ,
709 1312 752 1393 ὥς
765 1313 823 1401 είχε
848 1313 963 1398 τάχους
972 1363 983 1396 ,
1008 1321 1125 1412 χρῆται
1139 1321 1222 1403 φυγῇ

72 1421 172 1487 torci
194 1420 272 1507 πρὸς
296 1419 355 1505 τὴν
369 1417 625 1507 Ἅρκαδιοάπολιν
647 1417 707 1486 σάν
728 1443 789 1486 τισι
810 1425 873 1485 τῶν
894 1416 1008 1484 ἑαυτοῦ
1029 1415 1220 1498 διασώζεται.
1240 1432 1265 1486 ld

117 1520 373 1610 ὁμολογήσαντας
388 1525 423 1590 δέ
438 1520 525 1614 αάτῷ
542 1523 615 1599 τοὺς
634 1525 796 1598 πλείστους
819 1528 883 1588 τῶν
899 1527 1082 1588 στασιωτῶν
1096 1518 1113 1588 ὃ
1128 1528 1224 1604 βασι·

116 1626 191 1704 tede
203 1626 336 1714 είληφαλς
351 1627 508 1715 ίπίρχεται
523 1632 561 1714 τῇ
575 1624 661 1692 πόλει
673 1625 754 1714 αὐτῇ
768 1623 849 1691 καθ’
865 1623 904 1709 ἢν
920 1621 1100 1712 ότάραννος
1114 1625 1224 1693 διεσιό-

117 1733 186 1811 ζετο
195 1708 219 1811 ,⁸
233 1725 357 1818 χάρακά
377 1754 410 1797 τε
431 1729 608 1817 περιβάλλει
628 1729 709 1817 αὐτῇ
724 1727 875 1818 καρτερόν
888 1724 1000 1820 κόκλῳ.
1052 1728 1225 1815 ὀλιγίστους

116 1834 157 1900 δὲ
170 1830 188 1900 ὅ
203 1829 382 1920 ἀποστάτης
395 1832 474 1919 ἔχων
487 1834 576 1902 ἔνδον
592 1841 649 1918 τῆς
668 1830 787 1910 πόλεως
801 1829 934 1908 ἱππότας
942 1878 953 1911 ,
981 1828 1147 1912 πολλάκις,
1173 1830 1225 1900 ὅτε

71 1950 108 2005 15
116 1938 159 2022 δὴ
172 1936 387 2025 πεφασμένως
409 1934 620 2023 διάθρειτοδς
642 1939 816 2015 ἐναντίους,
838 1934 921 2020 η’φίει
935 1932 1008 2000 κατ’
1026 1933 1131 2001 obruo
1145 1932 1219 2003 τοά-
1237 1950 1269 2007 V.
1287 1952 1321 2006 20

115 2059 211 2115 τους·
235 2037 310 2104 ἀλλ’
328 2031 383 2104 οὖν
405 2062 438 2123 γε
450 2042 501 2104 καί
522 2035 622 2126 ταύτῃ
635 2044 756 2123 μᾶλλον
772 2032 951 2103 ίπάνθανον
965 2035 984 2123 ἢ
1000 2036 1098 2124 ἔδρων
1113 2040 1143 2105 oi
1159 2042 1223 2107 δεί-

84 2211 100 2238 ,
115 2148 210 2208 λαιοι.
263 2138 281 2207 ά
299 2140 336 2208 δέ
347 2166 380 2226 γε
395 2142 543 2226 βασιλείας
558 2139 696 2209 ἕλίπολιν
707 2142 765 2225 μίν
779 2138 817 2208 σά
831 2148 966 2227 προσῆγε
979 2148 1018 2229 τῇ
1032 2139 1128 2223 πόλει,
1155 2169 1224 2231 φει·

115 2247 172 2312 δοῖ
193 2239 272 2330 μήτε
297 2243 365 2311 τινά
387 2252 444 2312 τοῦ
465 2252 574 2314 λοιποῦ
596 2251 660 2313 τῶν
683 2239 844 2330 ὁμοδόξων
874 2247 991 2333 ξίφεσιν
1015 2243 1224 2333 ἀναιρεῖσθαι,

114 2344 199 2434 μήτε
211 2348 275 2435 μὴν
287 2350 449 2434 δειχθῆναι
463 2361 529 2427 τοῖς
540 2346 684 2427 Σκύθαις
704 2346 749 2427 ὥς
771 2347 905 2416 δυνατόν
919 2359 1074 2444 μηχαναῖς
1092 2349 1149 2427 τάς
1164 2349 1226 2418 άπὸ

70 2449 276 2535 2οῬωμαίων
297 2448 415 2519 άλῶναι
435 2448 555 2531 πόλεις·
591 2458 672 2543 λιμῷ
693 2453 728 2519 δέ
747 2455 798 2518 καί
812 2453 996 2545 προσεδρείᾳ
1015 2455 1228 2541 περιγενίσθαι

116 2563 177 2622 τοῦ
199 2551 353 2642 τυράννου
375 2557 493 2644 διίγνω.
545 2559 598 2622 καί
621 2560 702 2641 δῆτα
722 2561 841 2623 πολλοῦ
858 2552 974 2641 χρόνον
999 2555 1227 2645 διαδραμόντος

115 2666 270 2726 τοσοῦτον
293 2661 424 2727 ἕνδεῖται
438 2668 501 2729 τῶν
515 2660 594 2748 πρὸς
604 2660 641 2728 τό
659 2657 744 2745 ζῆνὸ
759 2655 911 2747 τάραννος
927 2659 1101 2747 ἀναγκαίων
1109 2686 1123 2741 ,·
1144 2658 1224 2727 ὥστε

189 2872 234 2960 ¹³:
252 2875 441 2959 nomenogio.
523 2876 567 2930 15.
584 2870 716 2961 donjodoes
733 2873 765 2928 ίι.
823 2875 889 2961 ,¹⁶2¹
907 2873 1080 2959 continuator
1097 2891 1123 2945 ρ.
1141 2871 1174 2930 41
1194 2875 1228 2929 1).

188 2959 236 2996 και
251 2961 343 3012 φονον
360 2962 395 2999 ου
412 2947 491 2999 ποιεῖ
504 2943 571 3014 μέν,
587 2963 688 3014 cocles
707 2940 739 3000 di
755 2963 832 3015 πυρα
849 2962 906 2998 των
923 2943 1042 3015 ἐγθρον.

116 3128 250 3195 Μίολιτολ,
267 3129 366 3186 modico
382 3134 477 3206 coecQ
492 3131 609 3185 exercitu
626 3130 752 3187 sdversus
767 3136 902 3202 tyrannum
921 3132 948 3187 in
966 3134 1128 3204 praedictum
1145 3133 1227 3187 locum

115 3201 295 3272 proficiscitur
319 3202 386 3254 bene
409 3200 536 3254 instructa
559 3200 633 3264 acie,
658 3201 746 3255 verbis
764 3211 791 3254 ot
808 3204 1038 3273 pollicitationibus
1055 3221 1115 3256 suos
1132 3202 1227 3256 conlin-

115 3287 200 3324 οιτον.
235 3272 378 3340 Tyrannus
404 3268 483 3341 porro
505 3288 563 3324 cunr
583 3269 686 3338 ingenti
707 3271 871 3325 multitudine
888 3273 1024 3326 adversum
1044 3272 1227 3342 proficiscitur,

115 3339 223 3393 simulet
239 3349 327 3393 nutent
344 3341 446 3408 lugam,
463 3346 494 3392 ut
509 3339 672 3410 imperatoris
692 3341 762 3394 ecies
780 3342 948 3395 dissolvatur:
967 3343 1013 3395 sed
1030 3345 1063 3396 ab
1082 3345 1130 3396 troc
1147 3357 1226 3410 scopo

115 3408 261 3472 aberravit,
280 3427 337 3462 cunr
354 3427 403 3464 nec
420 3410 586 3480 imperatorie
605 3409 735 3462 exercitus
753 3408 868 3464 ordinem
886 3413 1013 3477 turbaret,
1032 3430 1079 3466 uec
1096 3413 1153 3482 ipse
1170 3427 1227 3464 curu

115 3478 174 3531 suis
192 3477 348 3547 coniungere
365 3495 395 3530 sc
412 3486 510 3548 posset.
535 3481 628 3548 ltaque
645 3479 772 3534 sdversnc
790 3481 872 3549 partis
888 3481 1011 3550 impetum
1028 3484 1159 3535 sustinere
1176 3496 1227 3532 non

116 3547 209 3600 velens
230 3565 283 3618 qus
305 3553 410 3618 poteret
432 3548 568 3601 celeritate
591 3548 679 3618 sugit,
708 3555 788 3618 etque
805 3549 831 3602 in
848 3549 1030 3621 Arcadiopolin
1048 3569 1105 3605 cunr
1122 3549 1230 3619 quibus-

116 3613 178 3668 dan
201 3633 235 3669 ex
258 3619 313 3672 ruis
338 3615 436 3672 ovndit.
471 3617 555 3670 Porro
577 3617 733 3689 inperator,
759 3635 815 3672 cunr
841 3620 977 3690 plerosquo
994 3637 1026 3672 ex
1043 3619 1184 3678 rebellibus
1201 3615 1229 3670 in

116 3684 196 3737 tidem
216 3687 376 3757 caepisset,
399 3684 554 3755 aggreditur
575 3686 657 3758 ipson
683 3689 771 3742 urbem
796 3689 824 3740 in
848 3706 923 3758 quum
948 3697 1072 3758 tyrannus
1096 3694 1228 3753 evaserat,

116 3752 266 3823 vallumque
282 3757 307 3810 ei
324 3757 461 3810 circundat
478 3755 591 3825 undiquc
608 3758 714 3812 firmum.
750 3757 877 3812 Desertor
898 3765 984 3812 auteur
1003 3757 1170 3827 paucissimos
1187 3756 1229 3809 in-

118 3829 163 3876 trn
187 3823 276 3877 urben
300 3827 399 3880 lrnbens
424 3823 540 3896 equites,
565 3841 660 3895 scope,
686 3828 790 3897 quoties
812 3828 914 3881 scilicet
930 3828 986 3881 eine
1003 3827 1093 3880 ordine
1110 3828 1229 3879 turbatus

118 3897 242 3946 comeret
265 3893 445 3961 adversarios,
472 3893 627 3948 immittebat
649 3895 689 3950 his
714 3898 788 3952 illos:
814 3897 860 3950 sed
884 3899 933 3950 boc
957 3896 1033 3950 etiarn
1051 3894 1152 3950 ratione
1169 3895 1228 3967 plus

118 3962 285 4033 patiebantur
302 3981 378 4034 quern
395 3964 546 4019 etticicbnut
561 3963 659 4033 perditi
675 3966 723 4019 illi.
758 3966 851 4020 Nullus
872 3977 957 4021 nutem
976 3965 1114 4033 imperator
1131 3963 1229 4019 machi-

118 4048 167 4086 σεε
185 4031 301 4086 admovit
318 4033 393 4097 urbi,
411 4033 438 4087 id
456 4050 552 4088 cavens
568 4039 598 4087 ut
614 4051 663 4087 nec
681 4053 714 4088 ex
731 4036 894 4090 consortibus
911 4034 972 4088 fidei
990 4034 1121 4104 quisquam
1139 4033 1227 4103 giudic

90 4116 94 4123 ·
118 4102 329 4166 interficeretur,
353 4120 437 4174 neque
461 4103 642 4158 ostenderetur
658 4105 767 4174 Scythis
785 4123 862 4175 posse
880 4103 1003 4158 machinis
1020 4105 1079 4173 copi
1096 4104 1230 4159 Ronanu-

118 4185 177 4223 run
195 4173 286 4225 nrbes:
311 4189 402 4225 return
421 4174 488 4228 inme
506 4182 534 4227 et
550 4172 656 4228 nssidun
673 4174 807 4228 obsidione
824 4184 961 4245 tyrnunum
979 4173 1007 4226 in
1023 4191 1093 4227 sunm
1112 4181 1230 4244 potestn-

118 4245 171 4291 ten
189 4242 311 4311 redigere
327 4249 466 4297 stntnernt.
501 4243 596 4312 linque
609 4243 689 4298 multo
707 4253 823 4315 tempore
842 4245 930 4314 elapso
948 4243 1014 4297 ndeo
1031 4244 1150 4313 indigere
1169 4261 1230 4297 coe·

119 4306 160 4376 pit
177 4314 304 4376 tyrennus
326 4313 405 4367 rebus
426 4317 462 4368 nd
480 4313 560 4367 vitam
577 4314 749 4382 necessariis,
774 4323 803 4368 ut
822 4313 1023 4386 primoquidem
1042 4331 1139 4368 curnem
1156 4320 1230 4368 nctu-
