2817 4742
415 290 757 361 HISTORIARUMl.
788 293 930 362 10.11.
1041 332 1044 337 -
1170 294 1218 366 53
1311 368 1313 371 ,

101 461 252 542 κυλίχναι
274 463 324 528 καί
348 464 477 549 τρυβλία
499 464 626 548 μαγίδες
650 479 681 528 τε
702 464 752 529 καί
772 468 868 544 κανᾶ,
897 468 1029 539 πλοῦτος
1038 457 1245 546 Ῥωμαὶκδςθ

100 564 277 646 διεκέχυτο.
328 561 432 653 τρυφή
447 589 479 630 τε
490 565 623 651 χρυσέου
636 563 766 647 κύαμον,
793 567 832 632 τά
845 565 923 633 οίιιοι
933 563 1099 653 μυστήρια,
1125 569 1205 632 θέα-

101 691 191 750 τρον
215 659 253 750 ἦν
274 675 331 734 τοῦ
350 669 541 750 βουλομένου
558 668 673 744 παντὸς
688 667 826 734 ἑστιᾶσαι
842 669 897 745 τὰς
912 668 1009 748 ὄψεις.
1035 664 1043 674 ’
1063 667 1155 734 αύλοί
1172 695 1204 735 τε

102 771 161 834 nai
184 766 320 856 σύριγγες
334 772 384 836 καί
399 766 527 855 κιθάραι
540 769 737 858 περιιλάλουν
752 771 909 855 άνειμίνον
921 768 1000 858 ὃμοῦ
1017 774 1068 836 καὶ
1083 775 1204 856 ε’πιιγιυ-

74 867 176 956 5γύν.
230 875 340 953 πολλοί
353 899 385 938 τε
399 880 460 938 τῶν
476 881 722 958 θαυματοποιῶν
735 875 915 960 πανημέριοι
927 875 983 951 uic
995 881 1085 959 σφῶν
1101 873 1204 940 cirria

101 974 313 1058 εὐτραπελίας
334 985 400 1051 τοῖς
419 973 642 1060 φιλοθεάμοσιν
664 963 884 1063 ε’θριάμβευον.
937 980 969 1044 ui
981 1003 1012 1043 τε
1027 980 1075 1042 ένιλ
1090 985 1204 1062 σκηνῆς

102 1074 341 1164 λοιδορούμενοι
357 1075 402 1158 οἷς
415 1077 453 1144 ἂν
465 1081 598 1153 ἐθέλοιεν
606 1130 615 1160 ,
641 1082 721 1162 μετά
738 1083 882 1165 μεγίστης
898 1077 1029 1164 ἁμίλλης
1043 1079 1098 1155 τὰς
1109 1086 1204 1164 γελω-

101 1180 257 1257 τοποιούς
270 1184 518 1268 δραματουργίας
533 1179 583 1248 σία
595 1186 662 1267 περὶ
675 1185 845 1249 σπουδαίου
858 1182 940 1258 τινδς
951 1189 1009 1248 τοῦ
1023 1172 1203 1266 πράγματος

103 1285 328 1350 ἐπεδείκνυντο.
362 1285 480 1350 ἱππικοί
490 1310 520 1349 τε
534 1287 692 1350 ἐτελοῦντο
707 1283 831 1370 άγῶνες.
864 1288 913 1350 καὶ
928 1282 945 1350 ri
959 1283 1104 1365 βασιλεὺς
1117 1282 1204 1349 ἱστία

60 1398 95 1448 10
104 1386 187 1461 τούς
202 1389 234 1450 ἓν
251 1387 327 1452 τέλει
343 1387 375 1450 έν
388 1393 427 1472 τῇ
445 1394 505 1452 τῶν
519 1387 672 1468 βασιλέων
687 1390 777 1480 οἰκίη.
829 1390 880 1455 καλ
901 1385 1030 1464 ούτοιςδ
1047 1389 1204 1470 περίδοξος

103 1491 222 1564 ε’κεΐνος
237 1487 445 1555 κατεπέπαστο
459 1485 565 1576 γάμος.

217 1591 274 1660 11.
322 1589 403 1657 ’End
424 1593 458 1658 δέ
479 1593 532 1658 τὸν
549 1593 685 1678 ἱστορίαν
701 1588 953 1676 ἀναγραφόμενον
966 1587 1021 1664 τὰς
1035 1585 1201 1671 ἐπισήμους
1217 1589 1242 1641 Ῑ)

103 1699 174 1758 τῶν
188 1689 327 1779 πράξειαν
343 1697 437 1760 παντί
448 1721 508 1760 που
519 1701 679 1778 ’προῦπτον
694 1697 725 1768 ἐς
737 1694 832 1774 μέσον
846 1691 1074 1779 προτίθεσθαι,
1096 1691 1148 1776 iiyr
1162 1692 1200 1776 δὴ
1219 1659 1237 1710 i
1262 1657 1310 1712 ¹49

105 1797 186 1882 φέρε
200 1800 250 1861 καὶ
265 1796 322 1871 τὰς
336 1792 576 1880 δυσχερεστάτος
599 1792 695 1879 τύχας
715 1806 779 1871 τοῖς
793 1798 1006 1882 φαιδροτέρους
1021 1797 1200 1875 ε’μμίξιομεν.

65 1905 97 1958 15
106 1891 186 1984 Ιἦρος
207 1897 375 1981 ἀρχομένου
401 1901 433 1962 έν
456 1905 500 1986 τῷ
524 1899 674 1986 λεγομένῳ
699 1897 788 1986 φύριρ
815 1902 1043 1986 (περιλαμπρος
1060 1897 1093 1962 δ’
1111 1888 1203 1972 οὗτος
1219 1916 1249 1967 Α.
1263 1914 1294 1966 c.
1307 1915 1364 1983 583.

101 2008 214 2086 χῶρος.
226 2007 279 2081 τῆς
293 1998 426 2086 πόλεως)
447 1998 556 2086 (γλύγες
571 1999 724 2082 μαινύλεις
735 2001 832 2085 πυρδς
843 2003 1034 2084 ἐνεπίμπρων
1047 2000 1102 2083 τὴν
1117 1999 1201 2084 rinus
1219 2018 1240 2070 P
1259 2020 1292 2073 tt

105 2109 168 2168 τοῦ
191 2101 319 2182 άστεος,
344 2105 395 2169 καί
421 2102 602 2190 θεραπεύειν
624 2111 679 2170 τοῦ
705 2102 873 2190 παμφάγου
896 2104 992 2190 πυράς
1016 2103 1073 2185 ούχ
1090 2101 1202 2169 οἷόντε

106 2198 147 2289 ἦν
161 2205 216 2270 τδν
230 2202 346 2288 θυμόν.
399 2205 459 2288 ὀψέ
474 2204 724 2290 ύπομιιλάττουσι
738 2206 773 2273 ιδ
789 2215 851 2293 πῦρ
863 2208 893 2272 oi
909 2215 963 2292 τῆς
978 2203 1094 2282 πόλεως
1101 2256 1112 2286 ,
1139 2205 1201 2292 ῥεί-

106 2314 205 2395 θροις
214 2320 341 2394 χρυσοΐς
354 2307 455 2394 ὥσπερ
467 2306 702 2394 ύπονικήσαντις
714 2309 811 2376 αὐτοῦ
824 2310 859 2376 τύ
873 2310 1060 2392 άμειλικτον·
1085 2306 1201 2393 μεγάλη

66 2411 168 2496 20de
183 2410 342 2496 ἐτύγχανεν
357 2405 436 2478 οὖσα
454 2409 473 2494 ἡ
488 2410 571 2498 ῥύμη
590 2421 645 2478 τοῦ
663 2411 853 2494 πνεύματος,
880 2411 921 2489 ὥς
940 2418 1052 2498 μικροῦ
1069 2415 1129 2478 δεῖν
1146 2417 1201 2495 τῆς

107 2511 247 2597 αίθάλης
260 2512 594 2598 μεταλήψεσθαιῖάπαν
611 2517 646 2581 τίι
662 2515 806 2596 πόλισμα.

215 2617 307 2682 Karai
321 2625 432 2684 τοῦτον
448 2618 486 2700 δὴ
501 2619 553 2686 τὸν
569 2621 707 2684 ἐνιαυτὸν
721 2614 879 2693 Πιιυλΐνύς
894 2642 949 2696 τις,
977 2615 1056 2700 άνὴρ
1069 2622 1129 2682 τῶν
1144 2614 1201 2681 oria

108 2715 241 2802 ἀσήμων
257 2727 314 2804 τῆς
329 2721 444 2798 πόλεως
450 2771 459 2800 ,
485 2725 628 2806 πλείστης
642 2725 781 2796 παιδείας
794 2717 999 2806 μετειληηιύς,
1028 2712 1077 2784 bd
1090 2719 1125 2785 τὸ
1142 2724 1202 2782 τῶν

179 2850 221 2903 12.
238 2849 290 2918 την
307 2851 350 2903 ΙΡ.

109 2950 223 3020 patinis,
249 2951 368 3021 patellis,
390 2951 537 3012 cantharis,
555 2952 654 3014 trullis,
671 2951 776 3018 qttndris
793 2958 820 3004 et
836 2950 971 3014 canistris,
992 2967 1060 3019 qttae
1075 2957 1129 3002 tum
1148 2949 1200 3000 tto-

109 3037 241 3074 tuanorum
267 3020 377 3073 divitiae
402 3021 606 3088 proterebantur.
640 3021 800 3087 deliciaeque
821 3030 928 3072 oneratus
951 3021 1038 3084 aurei,
1069 3019 1202 3072 ‹lomestici

110 3091 242 3153 thesauri,
265 3091 392 3142 theatrum
407 3091 533 3158 ursnaldum
550 3098 625 3142 erant
643 3089 718 3158 plaste
735 3091 867 3157 quibusvis
884 3091 973 3142 oculos
991 3107 1096 3159 'nascere
1114 3089 1201 3140 volen-

111 3159 189 3213 tibus.
224 3159 295 3214 tibiis
311 3166 339 3212 et
356 3159 451 3210 listulis
466 3168 493 3210 et
510 3157 615 3210 citharis
633 3159 666 3211 ad
683 3159 855 3212 remissionem
872 3171 901 3211 et
916 3158 1110 3210 oblectationem
1125 3157 1200 3207 induri

110 3229 195 3280 omnia
222 3229 480 3296 circumstrepebant,
512 3229 633 3296 nrultique
657 3228 852 3296 praestigiarum
879 3228 992 3278 artifices
1014 3225 1120 3276 ludicris
1145 3224 1199 3274 suis

111 3304 182 3350 totos
198 3297 254 3348 (lies
271 3297 403 3366 spectandi
422 3297 530 3365 stupidos
546 3297 702 3359 ‹letinebaut.
738 3297 781 3348 alii
799 3297 825 3346 in
841 3311 932 3355 acerra,
951 3293 1077 3344 hominum
1093 3309 1199 3360 ιμιοιιιιιι

111 3365 210 3418 libebat
227 3367 291 3418 vitia
306 3374 457 3432 carpentes,
475 3366 633 3433 perstudiose
650 3365 758 3416 ridicula
775 3364 887 3414 draruatu
906 3363 976 3414 velut
992 3362 1059 3414 seria
1075 3362 1199 3430 ‹trraedam

112 3446 139 3487 ct
157 3433 248 3502 gravia
266 3435 430 3488 exercebant.
463 3433 567 3500 insuper
584 3431 637 3483 ludi
654 3438 786 3500 equestres
807 3432 1045 3493 committebantur,
1070 3441 1097 3482 et
1118 3431 1198 3498 inlpe-

113 3513 186 3556 ratur
201 3501 363 3571 magistratus
379 3502 405 3552 iu
422 3501 518 3567 regiam
535 3500 567 3552 ad
584 3501 674 3568 epulas
691 3500 826 3554 invitabat.
860 3510 939 3572 atque
955 3501 1005 3554 isto
1022 3501 1097 3553 modo
1113 3500 1198 3568 splen-

111 3571 191 3626 didae
208 3571 265 3624 illae
281 3569 385 3638 ineptiae
401 3569 476 3620 briem
492 3576 658 3637 acceperunt.

183 3645 225 3696 11.
261 3638 386 3702 Quoniam
413 3655 476 3689 vero
490 3637 612 3706 'insignia
635 3655 752 3708 quaeque
774 3638 801 3690 iu
824 3637 932 3692 medium
957 3638 1053 3689 allerre
1074 3636 1198 3689 historiae

112 3709 236 3781 scriptori
252 3707 407 3778 propositum
425 3723 482 3760 esse
499 3716 591 3760 norunt
608 3725 709 3770 omnies,
731 3708 839 3776 agedum
862 3709 941 3760 etiam
965 3706 1195 3758 attenuationem

112 3795 167 3831 sum
192 3778 341 3836 laetioribus
361 3775 513 3830 intexamus.
549 3794 613 3830 vera
635 3795 664 3830 se
688 3779 820 3847 apariente
842 3777 869 3829 in
894 3777 950 3828 loro
967 3777 1036 3844 quod
1053 3774 1197 3844 appellatur

114 3847 174 3912 (est
192 3857 276 3901 autent
294 3847 333 3898 hic
351 3846 421 3900 locus
439 3844 514 3914 Cpo'li
532 3847 642 3912 nubilis)
662 3845 763 3899 hamma
779 3848 867 3898 turens
884 3847 954 3897 urbis
971 3845 1121 3912 elegantiam
1139 3861 1196 3894 cor-

113 3915 209 3984 ripuit,
233 3934 279 3969 nec
302 3914 368 3982 ignia
390 3915 474 3966 omitia
494 3916 665 3968 corrsumeutis
688 3916 780 3984 rapida
802 3915 841 3967 vis
860 3915 975 3968 cohiberi
999 3913 1089 3982 potuit.
1126 3911 1197 3963 cives

113 3999 171 4035 sero
190 3985 291 4038 tandem
308 3985 430 4037 tlamruam
446 3981 611 4044 velut,aureo
629 3984 730 4036 llunrine
747 3984 878 4053 mitigant,
900 3993 927 4036 et
949 3985 1060 4050 rigorem
1077 3981 1132 4033 eius
1149 3981 1196 4033 irn-

114 4053 362 4122 plaaabilitatemque
378 4045 559 4122 quodammt'ttlo
575 4064 740 4124 expugnant:
763 4053 895 4107 saeviebat
920 4052 1014 4122 quippe
1035 4059 1143 4116 ventus,
1168 4057 1197 4102 ut

113 4121 216 4174 favillae
232 4129 290 4176 tota
306 4121 483 4191 μτομοαιοδαιο
500 4123 563 4174 urbe
579 4123 725 4176 volitarent.

181 4189 277 4242 ltlodem
294 4208 361 4244 οιιιιιι
377 4191 500 4246 Paulinus
514 4191 634 4258 quidam,
652 4191 718 4243 civis
732 4191 799 4244 haud
815 4192 939 4243 obscurus
956 4196 985 4243 et
999 4187 1117 4241 doctriua
1133 4187 1195 4240 libe-

116 4257 161 4314 rali
176 4258 404 4326 nruoomduoo,
420 4259 465 4334 qui
482 4261 588 4316 animam
603 4279 674 4316 suam
691 4261 718 4314 in
734 4261 881 4314 barathrum
898 4258 1095 4329 umestigiarum
1110 4258 1197 4312 hicau-
