2817 4742
362 340 654 409 HISTORIARUM
677 336 738 410 IV.
765 341 825 413 1⁵.
1064 340 1136 410 195

51 515 225 575 καταλιπεῖν
238 512 287 576 καί
301 512 367 598 περὶ
379 510 436 596 τὴν
450 512 575 595 Νίσιβιν
588 511 835 599 ἀγραυλίζεσθαι.
867 512 898 579 ol
910 511 967 594 μίν
981 502 1038 579 οάν
1050 511 1137 598 Πίρ-

52 636 103 679 σαι
125 619 182 678 τοῦ
203 615 351 696 βασιλίως
374 612 522 700 Χοσρόου
543 612 774 699 μεταβαλόντος
792 615 849 701 τὴν
863 611 987 700 γνάμην
1001 615 1137 693 σπονδάς

53 714 130 797 μετά
150 722 212 781 τῶν
234 713 475 803 πολιορκούντων
500 718 680 800 συνθίμενοι
709 726 765 801 τῆς
791 714 908 795 πόλεως
936 713 1138 803 ἐξεχώρησαν.

54 824 114 883 τῶν
129 820 231 885 τοίνυν
241 816 393 904 ἡγεμόνων
407 823 439 896 de
452 824 688 888 Κωνσταντῒναν
703 816 859 904 ἡκόντων,
869 880 873 887 ,
885 819 980 906 ἀφθη
996 823 1046 885 καί
1063 821 1139 888 Σίτ-

33 931 109 996 5τας
126 912 237 998 ἀκτῖνος
258 921 498 1008 ἀναμεμιγμένος
520 923 625 1000 αάτοΐς
646 920 662 989 δ
683 922 739 1007 τὴν
759 919 943 1008 Μαρτόρων
963 919 1139 1009 πόλινὈρ-

54 1024 148 1114 μίσδρ
165 1031 209 1111 τῷ
222 1028 354 1110 Περσῶν
368 1032 491 1107 βασιλεῖ
502 1021 732 1111 παρασχόμενος
746 1021 837 1114 δόλῳ.
890 1023 907 1091 ἀ
923 1025 980 1108 μίν
1002 1017 1057 1092 odo
1069 1028 1139 1092 Δο-

53 1125 190 1208 μετιανός
207 1128 391 1193 διεστείλατο
409 1133 447 1193 Χ
444 1124 540 1216 οσρόη
555 1125 597 1204 ἀς
611 1127 668 1211 οάχ
680 1124 751 1193 όσια
768 1130 810 1203 είς
823 1125 980 1213 εάεργίτας
998 1129 1048 1193 καί
1062 1123 1140 1195 Ῥω-

53 1231 160 1311 μαίους
182 1230 338 1315 διεμχειρεΐ
362 1228 539 1314 ἀνεχόμενος
565 1228 677 1317 ἀνδρὸς
702 1227 857 1314 προδότου
880 1228 978 1295 πολλά
1002 1232 1045 1305 είς
1063 1226 1140 1297 Ῥω-

53 1333 162 1409 μαίους
181 1332 260 1397 κακά
280 1330 497 1414 διανόσαντος,
526 1328 763 1416 ἀναμιμνήσκων
777 1327 820 1407 ἀς
833 1334 884 1396 καλ
898 1338 943 1422 τῷ
956 1331 1072 1418 Βαράμ
1086 1332 1140 1419 φί-

20 1436 105 1508 ηολος
122 1436 236 1509 Σίττας
254 1433 424 1519 γεγίνηται,
451 1436 500 1500 καί
518 1432 628 1518 ἥκιστα
652 1435 803 1500 συνοίσειν
825 1432 911 1525 αὐτῷ
931 1436 1001 1520 περί
1022 1439 1140 1502 πολλοῦ
1154 1446 1181 1501 D

48 1534 218 1623 ποιουμίνῳ
241 1534 341 1621 ἀνδρα
362 1542 556 1619 παλαμναῖον
579 1539 629 1602 καλ
651 1534 879 1617 ἀπιστότατον,
908 1533 953 1621 μή
972 1532 1032 1601 ποό
1051 1561 1084 1620 ys
1100 1536 1140 1604 τά

51 1632 205 1719 Ῥωμαίων
226 1635 333 1723 πλήθη
356 1640 572 1726 συστραηίντα
597 1637 693 1705 αὐτόν
716 1636 864 1724 Χοσρόην
885 1641 937 1703 καί
958 1637 1013 1704 τόν
1025 1640 1141 1705 Σίτταν

55 1735 266 1831 διαχρήσονται
274 1790 284 1822 ,
311 1743 361 1806 καί
377 1741 417 1807 τά
431 1749 487 1824 τῆς
500 1740 632 1827 ἀγωνίας
645 1748 689 1831 τῷ
706 1743 820 1827 Βαράμ
835 1738 927 1822 λάβοι
948 1735 1141 1809 ἀνάπαυλαν.

56 1842 101 1906 dol
120 1839 239 1921 τυότοις
261 1844 393 1910 συνιδὼν
414 1840 431 1911 ό
451 1842 616 1929 Χοσρόης,
637 1847 687 1909 καί
704 1844 759 1910 τόν
773 1841 912 1930 παρόντα
929 1843 1035 1928 καιρδν
1048 1850 1143 1911 κολα·

23 1944 143 2021 15κείαις
171 1943 414 2030 ἀποπριάμενος,
448 1946 573 2014 ίκδοτον
598 1945 797 2037 Κομεντεόλῳ
826 1951 941 2015 Σίτταν
964 1947 1143 2031 καθίστησι.

56 2046 178 2137 δευτίρρ
192 2047 224 2111 d’
240 2045 338 2141 ἧμίριμ
354 2046 372 2115 δ
387 2049 558 2137 στρατηγός
572 2049 622 2118 ἀπ’
638 2049 730 2132 όιμεσι
744 2056 800 2116 τοῦ
815 2046 969 2115 ὁπλιτικοῦ
984 2046 1144 2132 αἰκισάμε-

57 2173 106 2227 νος
123 2157 235 2217 τοῦτον
256 2158 300 2242 τῷ
321 2156 394 2238 πυρί
417 2155 602 2239 παρεδίδου,
628 2149 904 2237 κατανθρακεόσας
920 2177 953 2218 τε
968 2160 1036 2227 ταῖς
1050 2152 1143 2238 φλαξλ

59 2253 140 2336 δίκην
153 2260 217 2319 τῶν
228 2250 449 2341 ἡμαρτημένων
465 2258 519 2322 τόν
533 2259 647 2323 Σίτταν
661 2256 864 2341 εδσίπραττεν.
905 2250 922 2320 ό
934 2255 991 2336 μίν
1003 2246 1058 2319 odo
1072 2256 1142 2321 Δα-
1226 2316 1229 2320 ,

58 2355 191 2433 μετιανδς
213 2356 398 2443 ἱεροπρεπῶς
418 2362 450 2435 te
464 2358 503 2425 τά
517 2362 584 2445 περί
599 2357 656 2441 τὴν
668 2355 823 2441 ἀνάληψιν
839 2364 896 2422 τοῦ
909 2354 1017 2430 ἀστεος
1036 2358 1143 2421 διεπο-

26 2464 148 2535 ωνελτο,
181 2453 223 2532 ἀς
248 2461 316 2541 ἕνην
338 2463 371 2535 ἒς
392 2460 432 2524 τά
452 2458 604 2540 μάλιστα,
638 2457 713 2534 τοός
732 2484 766 2523 τε
786 2456 1055 2541 συνομοσαμίνους
1074 2467 1143 2534 τοῖς

60 2555 222 2643 βαρβάροις
234 2556 404 2643 Ῥωμαίους
421 2562 452 2638 dc
471 2560 529 2643 τὴν
543 2567 600 2627 τοῦ
617 2559 727 2637 ἀστεος
739 2559 854 2627 ἀλωσιν
868 2555 1066 2649 Κομεντιόλιμ
1078 2586 1142 2625 πα-

63 2664 173 2743 ρεδίδου
193 2667 238 2752 τῷ
254 2670 424 2754 στρατηγῷ.
475 2660 594 2731 τοότων
607 2666 711 2729 τοίνυν
725 2661 813 2741 ἀξίας
825 2659 1042 2746 ἀπασχομίνων
1055 2662 1142 2740 δίκας
1159 2679 1181 2734 P
1199 2680 1248 2736 114

62 2768 116 2826 τῶν
137 2764 214 2827 κατά
236 2772 292 2846 τῆς
311 2770 460 2853 πατρίδος
485 2764 755 2851 διαπεπραμμίνων
776 2764 901 2843 adroic,
930 2761 947 2827 ό
969 2762 1065 2847 ἱερεάς
1085 2770 1142 2847 τῆς

63 2865 204 2949 σωτηρίας
224 2864 281 2946 τὴν
301 2862 409 2949 ἑορτὴν
432 2868 603 2950 ε’μκαινίζων
623 2872 679 2950 τῆς
699 2863 816 2939 πόλεως
835 2860 1004 2950 πανήγυρίν
1023 2889 1056 2931 τε
1075 2877 1142 2944 τοῖς

31 2968 232 3043 ςςκαλλινίκοις
244 2964 474 3053 συστησάμενος
487 2965 650 3057 μάρτυσιν,
671 2969 721 3033 dal
734 2973 798 3035 τῶν
811 2964 960 3052 βημάτων
974 2972 1037 3034 τῶν
1053 2964 1142 3056 ὕψη-

66 3196 156 3253 Nisibiu
172 3200 323 3257 concedant
356 3202 453 3256 Persae
471 3202 588 3256 Chorsos
608 3200 757 3263 immutato,
782 3204 859 3284 proto
876 3204 1004 3254 conventa
1020 3218 1076 3255 oasa
1092 3203 1142 3257 ob-

67 3266 192 3323 sidentibus
209 3271 328 3324 iueuutes
344 3270 438 3341 oppido
455 3271 590 3327 excedunt.
623 3269 730 3323 ducibus
747 3269 810 3339 ipsss
829 3269 1024 3322 Constantinam
1040 3272 1141 3324 iuuan-

67 3334 137 3403 tibus,
159 3340 226 3392 intes
249 3358 295 3393 eos
315 3340 391 3393 etiam
408 3340 505 3403 sitias,
550 3340 577 3392 ui
594 3338 746 3393 Hormisdoe
763 3338 958 3408 blartyropolisu
976 3339 1034 3391 dolo
1052 3337 1141 3406 prodi-

68 3402 145 3471 derat,
170 3408 298 3477 apparuit.
331 3407 494 3461 Domitianus
511 3358 644 3462 Cleosroao
666 3408 803 3460 deuuistiat
819 3405 889 3459 illum
907 3406 1030 3460 adversus
1046 3408 1141 3461 liona-

68 3487 105 3526 sos
120 3476 149 3529 de
164 3493 192 3530 aa
212 3479 277 3529 bene
293 3476 396 3530 meritos
412 3476 533 3531 iniustum
549 3478 647 3541 sideri,
672 3492 729 3528 ausu
746 3475 920 3546 proditorem,
946 3475 1030 3545 deque
1045 3478 1141 3529 Roma-

69 3540 100 3593 uis
114 3544 147 3597 ita
162 3546 280 3599 meritum
296 3546 384 3615 utqui
403 3547 530 3615 pessime,
554 3546 665 3610 toleret,
682 3544 818 3598 admonens
835 3562 891 3597 euro
908 3545 1019 3597 Varamo
1036 3561 1141 3615 quoque

69 3610 156 3665 amicum
171 3614 271 3679 luisse,
296 3619 324 3667 et
339 3614 462 3669 hominem
480 3614 712 3685 pestilentissimum
729 3613 979 3683 perfidissimussque
997 3613 1141 3667 bouelsnis

69 3678 111 3731 suia
130 3682 191 3735 susle
214 3682 325 3751 gratiam
347 3683 501 3747 relatorum,
527 3702 559 3738 ne
581 3685 649 3737 torte
673 3692 796 3736 coeuntes
819 3682 928 3735 Romani
945 3680 1027 3749 ipsum
1044 3688 1072 3734 at
1088 3697 1141 3735 uua

69 3744 177 3803 dittssu'e
192 3752 276 3804 medio
292 3752 393 3815 tollunt,
412 3751 555 3822 bellumque
572 3768 627 3835 cusu
644 3757 751 3806 Vasamo
769 3751 925 3833 terminetur.
941 3752 974 3802 ob
992 3751 1141 3831 bnassau-
1212 3779 1215 3784 ·

68 3819 1138 3957 dttdttlltt‘t‘tstituit'tt'itdt?titt'’tte“‘tttleltttlt

69 3955 160 4010 saalum
175 3968 314 4026 conspectu
329 3956 418 4024 flagris
434 3974 536 4011 caesum
552 3976 616 4027 rogo
633 3960 723 4021 tradit,
741 3963 768 4009 et
783 3956 889 4010 flammis
906 3905 1057 4006 δεδαίαται
1075 3971 1141 4023 poo-

70 4034 107 4071 bss
121 4026 150 4077 ab
165 4043 195 4079 eo
211 4028 337 4096 reposcit.
358 4024 521 4079 Domitianus
538 4028 632 4096 igitur,
650 4035 679 4081 ut
694 4026 851 4079 sacerdotem
869 4023 993 4087 decebat,
1010 4028 1039 4075 et
1055 4040 1140 4092 quau·

70 4090 112 4139 diu
127 4095 226 4147 τιετὶπιε
242 4103 359 4164 poterat,
385 4113 431 4165 pro
449 4096 683 4165 urbereoipienda
699 4097 841 4149 laborabat.
875 4099 904 4144 at
926 4092 1071 4155 Romanos,
1095 4092 1140 4174 qui

73 4153 189 4235 tduusbem
206 4164 378 4233 occupandam
396 4182 450 4217 euos
467 4164 585 4219 barbaris
607 4165 672 4219 male
693 4165 914 4233 conspiraverant,
939 4159 998 4212 duci
1015 4160 1138 4224 trudidst3

75 4224 151 4302 ilibus
165 4248 209 4299 pso
226 4236 352 4286 scelerate
369 4244 459 4287 contro
475 4232 584 4302 patriam
601 4234 758 4305 perpetratis
775 4232 920 4285 commerito
934 4229 1061 4299 supplicio
1073 4230 1139 4312 saul·

77 4294 135 4355 2²⁰¹,
155 4300 284 4372 episeopus
302 4304 393 4358 testum
410 4302 474 4357 diem
493 4309 585 4373 partae
609 4302 701 4357 salutis
716 4301 817 4357 oisitrti
831 4301 992 4365 toruum,
1015 4304 1138 4369 martyru-
