2817 4742
228 274 299 347 178
609 270 933 341 monumen

224 440 392 531 βεβηκότος
412 450 470 512 τοῦ
492 440 608 533 φάνου,
634 450 759 511 πολλῶν
789 469 822 510 τε
849 440 1090 528 άναιρεθίντων,
1115 438 1317 523 μετατίθεται

226 549 285 633 τὴν
301 545 424 631 γνάμην
438 546 474 614 τδ
488 545 622 631 μάχιμον
630 598 639 629 ,
666 548 835 628 αὐτομολεῖ
845 572 877 613 τε
891 547 970 631 νιρδς
981 543 1034 611 τδν
1051 543 1169 629 Βαράμ
1183 544 1235 608 καί
1247 553 1317 619 ταῖς

229 649 312 736 ἀμφ’
338 648 433 716 αδτδν
456 650 619 733 δυνάμεσιν
641 651 851 736 ἀναμίγνυται.
904 647 922 715 ὁ
945 650 1001 732 μίν
1020 640 1076 713 οὖν
1097 642 1246 731 Χοσράης
1259 644 1316 728 τὴν

227 747 395 839 ἀκρώρειαν
413 759 474 818 τῶν
496 752 740 837 δυστυχημάτων
759 754 860 839 φίρειν
879 751 937 817 οὖν
962 752 1056 835 ἔχων,
1089 741 1111 836 ᾖ
1132 751 1239 815 ποδῶν
1256 744 1318 829 εἶχε

228 853 402 937 δυνάμεως,
437 855 644 941 διαδιδράσκει
666 856 720 921 τδν
740 856 836 941 μίγαν
857 861 969 921 τοῦτον
991 856 1044 919 καί
1064 848 1341 937 παραδοξότατονὸ

186 954 210 1007 Β
227 959 368 1023 κίνδυνον
384 954 462 1040 μετά
476 983 566 1024 τινιον
581 956 800 1045 εὖαριθμήτιον
813 954 1024 1025 άπασνιιστῶν.
1060 954 1150 1045 (10)
1166 956 1218 1019 καὶ
1234 951 1320 1019 οἶτον

116 1025 211 1081 vm
228 1066 284 1144 τῆς
303 1061 461 1141 βασιλείας
483 1058 697 1141 ίκιιενιτιιικῶς,
725 1060 782 1146 τὴν
802 1056 1014 1147 Κτησιφῶντά
1026 1084 1059 1124 τε
1074 1055 1251 1123 καταλεπιδν
1265 1057 1321 1120 καὶ

225 1161 280 1228 τὸν
307 1164 412 1249 Τίγριν
431 1162 652 1247 διανηξάμενος
671 1161 828 1246 ποταμόν,
859 1166 1032 1248 διηνιορεῖτο
1048 1159 1108 1226 ὅτι
1120 1162 1171 1225 καί
1185 1155 1319 1246 δράσειε,
1403 1240 1405 1259 Ι

226 1270 290 1330 τῶν
308 1267 364 1347 μὲν
376 1264 454 1350 πρὸς
473 1266 508 1331 τδ
530 1266 685 1333 Σκυθικὸν
706 1268 743 1333 τά
762 1265 855 1355 ἑῷον,
882 1265 937 1343 οὓς
959 1261 1121 1350 Τοάρκους
1141 1262 1235 1347 λίγειν
1248 1257 1320 1327 eini-

227 1373 346 1447 θαμεν,
373 1367 515 1451 γενίοθαι
538 1369 758 1453 είσηγουμίνοιν
778 1368 883 1458 αὐτῷ,
912 1374 974 1443 τῶν
996 1366 1031 1433 δ’
1052 1368 1358 1441 &refellantur-1⁰
1403 1380 1405 1457 j

228 1468 337 1550 σίοιςδί
352 1468 564 1555 Ἀτροποῖκοῖς
578 1470 784 1549 διασώζεσθαι
797 1470 908 1557 δρεσιν.
959 1469 1043 1537 odra)
1055 1471 1112 1551 μίν
1126 1462 1181 1535 οὖν
1194 1464 1319 1552 ἦμηχιί-
1403 1534 1405 1539 .

226 1596 269 1636 νει
286 1574 395 1647 ἐκεῖνος
413 1570 461 1636 διά
474 1578 513 1658 τῇ
524 1569 653 1661 βασάνῳ
669 1578 731 1638 τῶν
755 1573 971 1652 παραινίσειον.
1021 1578 1185 1656 τοιγαροῦν
1206 1572 1320 1654 κομιδῇ

226 1672 361 1749 ίιιιεικῶς
385 1671 552 1758 άνατίθησι
573 1681 617 1763 τῷ
634 1675 683 1739 ἐντί
705 1671 830 1741 πάντων
846 1675 987 1763 θεῷ·τάς
1006 1670 1095 1755 ἡνίας
1107 1681 1162 1757 τῆς
1176 1668 1321 1751 άνιοδρά-
1403 1662 1405 1731 i

126 1840 129 1859 .
228 1770 320 1849 σειος·
346 1775 388 1849 είς
404 1800 436 1839 τε
449 1776 502 1840 τὸν
518 1776 649 1860 οὗριινδν
664 1776 847 1859 άιιοβλίψας
862 1779 913 1841 καί
928 1782 985 1842 τοῦ
999 1778 1188 1859 δημιουργοῦ
1210 1776 1253 1849 εἷς
1268 1772 1321 1837 ἴν-
1403 1790 1405 1835 !

186 1893 313 1947 ονοιαν
337 1874 483 1961 γεγονώς,
519 1876 705 1961 ἀγνωμονῶν
725 1903 757 1941 τε
775 1880 848 1953 τοὺς
868 1876 1073 1955 ίιιιιιλάοτους
1086 1875 1199 1957 θεοάς,
1225 1881 1271 1964 rq'i
1286 1900 1319 1941 τε
1327 1888 1359 1943 15

227 1980 346 2066 Μίθρην
364 1978 460 2059 μηδίν
485 2004 515 2044 τι
537 1985 594 2062 τῆς
615 1981 738 2055 ίλνιίδος
762 1978 1035 2064 προσενεγκάμενος
1041 2027 1052 2059 ,
1075 1976 1199 2054 είκάτιος
1214 1974 1321 2060 ripari-
1403 1984 1405 2005 “

226 2103 306 2164 ριοσε
320 2078 355 2144 td
371 2085 433 2144 τῶν
446 2076 593 2145 κινδάνιον
614 2079 784 2166 ὂξάρρονιον
792 2130 804 2161 ,
829 2085 881 2146 καί
897 2080 954 2166 τὴν
965 2084 1065 2147 ιιίστιν
1084 2077 1320 2162 μεταβαλλάμι-
1403 2064 1405 2181 i

226 2205 279 2256 νος
291 2177 476 2262 μεταβάλλει
491 2185 543 2247 καί
557 2182 613 2267 τὴν
626 2181 722 2267 τάχην
735 2183 812 2265 ιιρδς
824 2180 994 2268 δεξιότητα.
1047 2188 1092 2272 τῷ
1110 2184 1169 2264 μὲν
1191 2173 1249 2246 σάν
1256 2206 1320 2263 χα-
1403 2182 1405 2305 ¹

226 2288 299 2372 λινῷ
312 2285 428 2369 χαίρειν
441 2281 549 2366 είιιιάν,
577 2282 635 2362 τάς
649 2312 682 2353 τε
702 2285 934 2369 εάθετιζομίνας
953 2282 1042 2371 ἡνίας
1059 2280 1318 2371 παρακρουσάμε<
1403 2306 1405 2327 ·

226 2410 297 2464 νος,
336 2385 422 2467 ἠξίου
445 2383 505 2451 dud
530 2392 585 2469 τῆς
600 2390 697 2455 ‘innon
719 2386 886 2454 ίθάνεσθοιι
903 2385 957 2454 τάν
976 2405 1007 2455 τε
1016 2385 1169 2472 ,ἐπιβάτην
1182 2384 1245 2453 dub
1261 2391 1319 2452 τοῦ
1326 2399 1360 2452 2⁰

227 2488 409 2569 ἔποχοῦντος
430 2496 641 2576 κυβερνᾶσθαι
663 2492 742 2577 πρὸς
763 2491 804 2556 τά
827 2492 1044 2577 συμφίροντα,
1075 2496 1142 2579 θεῷ
1166 2491 1217 2553 καί
1230 2490 1319 2576 ἰ’νινιιμ

227 2588 285 2665 τάς
305 2592 417 2676 κρίσεις
438 2593 639 2669 πεπιστευκώς
658 2599 721 2660 τάν
744 2589 917 2677 ίκβάσειον·
944 2590 1027 2658 οὕτω
1045 2590 1106 2678 γάρ
1122 2587 1318 2675 εδδάκησενδ

226 2688 332 2777 καιράς
340 2740 352 2772 ,
376 2690 511 2777 μεγάλην
524 2693 745 2778 άιιοσχεδιάσαι
759 2702 805 2785 τῷ
824 2694 932 2786 κόσμῳ
954 2691 1142 2780 πραγμάτων
1155 2690 1319 2759 dud-irate.

186 2789 249 2876 ῡῆ
274 2794 331 2875 μὲν
354 2786 408 2859 οὖν
429 2796 523 2873 ἵππος
547 2798 643 2882 ἐκείνη
664 2794 683 2883 ἦ
706 2800 862 2880 βασίλειος
884 2787 936 2883 ἦγε
956 2798 1010 2863 τδν
1031 2794 1179 2879 ε’νιιβάτην
1192 2794 1321 2883 φυγάδα

228 2894 288 2961 cirri
301 2895 358 2979 τὴν
373 2895 496 2984 δ’ρημον.
543 2897 660 2987 ταύτην
676 2902 711 2967 δὲ
722 2898 881 2983 διανύσας,
900 2903 952 2971 καὶ
968 2899 1022 2968 τδν
1036 2895 1206 2988 Εὐφράτην
1217 2916 1359 2970 ποτα-25

231 3142 370 3196 progressa
394 3127 488 3193 caede,
512 3146 560 3184 nee
577 3130 668 3202 paucis
686 3131 849 3196 interimis,
864 3130 957 3201 reliqui
973 3134 1070 3185 nulela
1087 3135 1172 3184 ruente
1188 3146 1247 3184 eunt
1266 3130 1322 3183 Va-

230 3212 299 3249 ramo
317 3214 373 3248 sese
391 3200 556 3267 coniungunt.
594 3202 722 3253 chosroes
739 3202 800 3252 huic
817 3201 982 3269 gravissimae
999 3200 1066 3253 cladi
1084 3201 1254 3267 perferendae
1270 3199 1321 3250 im-

232 3279 293 3332 par,
315 3281 408 3317 summa
432 3285 492 3319 usus
515 3268 650 3321 celeritate
674 3287 727 3321 cum
747 3270 834 3338 pnucis
857 3269 1007 3338 quibusdam
1024 3268 1178 3321 satellitibus
1202 3285 1320 3335 oregnnm

232 3340 259 3382 et
275 3334 531 3398 inexpectatissimunr
550 3337 683 3391 discrimen
701 3338 801 3405 elingit.
839 3342 909 3404 (10)
926 3357 980 3390 curn
1005 3339 1044 3389 sic
1067 3354 1148 3404 reguo
1169 3338 1322 3401 excidisset,

231 3399 425 3464 Ctesiphontem
448 3405 592 3471 reliquisset
619 3408 770 3476 Tigrimque
795 3407 955 3468 traiecisset,
980 3408 1109 3475 pendebat
1126 3405 1203 3457 animi
1219 3424 1272 3473 quo
1288 3421 1320 3456 ra

234 3474 364 3530 verteret,
381 3471 568 3523 consulentibus
585 3474 642 3525 aliis
660 3476 698 3526 uti
716 3476 749 3526 nd
767 3478 879 3543 Scythas
897 3477 1052 3532 Orientales‚
1071 3490 1133 3540 quos
1151 3476 1255 3525 'l'urcas
1272 3490 1322 3525 no·

233 3537 330 3588 minure
348 3537 474 3601 solemus,
499 3541 718 3607 proficisceretur,
740 3544 812 3604 aliis,
837 3555 865 3595 ut
882 3543 1020 3594 Caucaseis
1035 3551 1079 3593 aut
1096 3542 1174 3593 inviis
1191 3541 1322 3593 montibus

232 3606 338 3657 sulutem
356 3622 425 3658 suam
443 3609 583 3659 insudaret.
618 3609 655 3659 sic
671 3610 716 3661 ille
732 3613 859 3662 rationum
877 3621 1000 3662 momenta
1017 3610 1163 3663 exnruiuaus
1180 3612 1322 3679 perplexus

234 3673 367 3726 haerebat
402 3676 490 3743 itaque
509 3694 626 3745 supremo
644 3677 750 3728 omnium
770 3679 818 3729 deu
841 3680 993 3746 aequissime
1009 3679 1142 3731 arbitrium
1160 3682 1239 3748 fugae
1256 3694 1323 3729 sune

236 3742 375 3810 permittit,
400 3746 557 3814 sublatisque
581 3746 606 3797 iu
624 3748 721 3798 coelum
739 3749 820 3797 oculis
843 3756 869 3797 et
884 3750 986 3815 opilieis
1003 3748 1178 3799 universorum
1197 3745 1322 3799 recorda-

235 3820 295 3872 tus,
312 3810 424 3878 deosque
440 3815 624 3867 commentitios
640 3815 799 3867 abominatus
816 3832 845 3865 ne
863 3818 895 3867 de
913 3818 1009 3868 lllitlun
1027 3818 1107 3883 (sule)
1125 3816 1193 3868 oruui
1210 3832 1257 3881 spe
1273 3816 1323 3866 ab·

235 3875 320 3941 decla,
343 3879 431 3932 merito
453 3880 602 3951 impendens
626 3884 703 3950 copiti
722 3902 768 3936 suo
787 3885 924 3950 periculum
942 3887 1060 3937 aurolitus
1077 3895 1133 3943 est,
1159 3891 1186 3933 et
1203 3899 1258 3932 curn
1275 3899 1320 3933 re-

235 3945 333 4013 ligione
349 3948 475 4001 fortunam
494 3969 595 4019 quoque
616 3952 727 4003 feliciter
751 3953 863 4003 mutavit.
898 3954 987 4021 ltaque
1004 3954 1114 4004 dimissis
1131 3951 1236 4001 habenis
1253 3950 1321 4003 scite

237 4014 397 4083 compositis.
413 4019 474 4085 equi
492 4037 606 4085 gressum
624 4022 765 4072 ultroneum
783 4020 868 4089 requi,
887 4030 966 4087 atque
984 4025 1016 4072 ab
1034 4040 1065 4072 eo
1081 4023 1138 4086 ipse
1156 4030 1249 4080 rector,
1268 4020 1319 4071 deo

237 4089 265 4133 et
280 4084 400 4136 animanti
421 4089 551 4139 commisso
574 4100 679 4140 eventus
708 4088 818 4152 iudicio,
841 4092 874 4141 arl
892 4090 1027 4141 utilitatem
1046 4105 1114 4139 suam
1132 4086 1209 4153 dirigi
1226 4087 1321 4139 voluit.

238 4150 276 4201 ric
294 4151 358 4203 euirn
376 4153 456 4205 visum
473 4163 513 4206 est
530 4158 652 4224 tempori,
676 4174 793 4221 magnum
810 4176 841 4209 ex
859 4171 974 4226 tompore
990 4158 1083 4209 mundo
1100 4156 1221 4223 praebere
1239 4157 1321 4207 adni-

237 4218 344 4272 ratiouis
368 4230 551 4288 argumentum.
585 4241 667 4293 equus
689 4224 772 4294 igitur
789 4226 833 4278 ille
854 4226 941 4295 regius
957 4241 1083 4279 sessorem
1097 4241 1169 4279 suurn
1185 4224 1321 4292 fugitiuum
