2817 4742
355 292 646 360 HISTORIARUM
669 291 742 360 vlt.
771 293 827 362 12.
856 294 915 364 13.
1104 294 1177 367 293

76 460 101 547 ἦ
129 469 195 529 τῶν
230 458 402 546 μελλόντων
433 456 653 547 προαγόρευσις
682 463 819 548 γίνεται,
864 458 905 527 τά
934 487 968 529 τε
1000 464 1086 531 κοινά
1119 472 1175 533 τοῦ

76 563 206 649 κόσμου
236 570 486 649 ἐξομολογοῦντοα
515 563 708 648 παθήματα·
748 564 825 651 ἀνήρ
853 562 912 650 γάρ
941 590 987 642 τις
1014 567 1093 653 πρός
1119 568 1180 634 rdo-

76 671 158 754 τῇδε
181 665 296 747 κόσμον
317 664 539 748 διαλυσάμενος
559 671 610 732 τισί
631 671 663 733 ἐν
684 665 810 751 ἀσκήσει
831 669 967 749 θεωρίαν
987 676 1051 736 τῶν
1073 668 1173 756 ἀπορ-

78 770 191 856 ρήτων
204 771 393 857 μετειληφὼς
406 772 457 834 ἐπί
469 795 500 835 τε
516 768 571 835 τόν
582 769 703 856 μονήρη
719 774 790 852 βίον
804 774 1019 851 κατακλιθείς,
1044 769 1174 857 σπάθην

49 872 265 958 5γενμνύσας,
293 873 354 939 ἀπδ
380 879 435 938 τοῦ
453 873 615 957 λεγομίνου
636 871 737 960 φόρου
759 878 835 957 (τῶν
855 871 1010 958 ἐπισήμων
1032 877 1067 940 δέ
1082 866 1173 953 οὗτος

75 974 179 1052 τόπος
192 985 248 1061 τῆς
262 974 390 1061 πόλεως)
404 975 492 1059 μίχρι
507 983 570 1041 τιῦν
585 980 762 1061 προουλίων
774 983 836 1042 τῶν
851 976 1030 1059 ἀνακτόρων
1041 975 1173 1063 ξιφήρης

75 1077 262 1165 διαδραμιύν
272 1129 282 1159 ,
310 1077 374 1161 ἀμα
394 1077 449 1143 τόν
471 1076 688 1165 αὐτοκράτορα
704 1091 768 1155 τοῖς
789 1082 892 1144 παισίν
910 1082 943 1145 ἐν
959 1076 1046 1168 φόνῳ
1056 1084 1172 1163 μαχαί-

74 1207 137 1263 ρας
153 1179 360 1264 τεθνήξεσθαι
373 1178 585 1265 προηγόρευεν.
637 1182 704 1272 ὥρην
720 1184 755 1249 δέ
768 1183 882 1266 θίρους
901 1185 952 1247 καὶ
968 1180 1169 1268 λόγοςἩρω-

73 1286 186 1349 δισνδν
211 1291 254 1374 τῷ
277 1287 446 1372 Μαυριιιίιρ
472 1286 503 1359 ἐς
532 1284 567 1350 τό
590 1285 724 1370 ηανερδν
746 1290 1002 1369 προσαναγγεῖλαι
1028 1284 1067 1350 τά
1090 1286 1171 1351 ἀπο-

31 1384 251 1471 ιοτεύγματοι·
275 1385 291 1453 ὁ
312 1389 347 1452 δέ
365 1386 444 1470 ἀνὴρ
465 1387 497 1450 ἐκ
516 1394 571 1470 τῆς
588 1391 677 1466 θείας
698 1387 802 1475 ὀμφῆς
818 1391 1044 1473 κατισχυρίζετο
1062 1388 1102 1453 τά
1116 1396 1172 1471 τῆς

70 1487 274 1578 προρρήσεως
288 1493 469 1575 ἐπιφανῆναι
481 1489 577 1578 αύτῷ.

182 1592 238 1661 13.
291 1595 354 1684 {ini
375 1598 449 1677 γοῦν
468 1595 500 1655 ἐν
522 1588 624 1681 τούτῳ
640 1597 685 1679 τῷ
697 1586 801 1679 χρόνῳ
818 1588 834 1657 ό
850 1590 936 1675 παρά
950 1602 1014 1666 τοῖς
1026 1588 1170 1675 Ἀβάροις
1186 1610 1208 1661 Ρ
1227 1613 1274 1665 131

70 1700 224 1779 Χαγῦνος
239 1692 426 1776 τιμώμενος,
454 1694 494 1760 τδ
513 1697 580 1781 περὶ
604 1692 700 1759 αύτδν
715 1691 935 1775 συλλεξάμενος
949 1692 1074 1777 πλήθη,
1100 1700 1169 1777 περί

68 1797 128 1881 τήν
152 1798 310 1887 Θρρκινὴν
331 1800 462 1863 Μυσίαν
479 1806 589 1880 χωρεῖ,
618 1793 682 1860 εἶτα
705 1794 812 1886 Τομίρ
831 1800 871 1880 τῇ
889 1792 973 1861 πόλει
994 1797 1167 1880 ἐφίσταται.

30 1913 61 1965 15
70 1897 192 1965 τούτων
208 1897 376 1981 δΠρίσκος
392 1891 569 1979 πειθόμενος
588 1898 811 1983 ἐπηρεαζομίνη
826 1904 864 1983 τῇ
881 1895 966 1962 πόλει
980 1905 1167 1981 προσομιλεῖ.

64 1998 212 2084 Ῥωμαῖοι
225 2007 388 2084 τοιγαροῦν
402 2002 451 2064 καί
465 2000 494 2064 οἳ
508 1996 664 2085 βάρβαροι
677 2003 721 2074 είς
733 2000 772 2064 τά
787 2003 853 2083 περὶ
870 1999 994 2081 Τομίαν
1009 1999 1064 2084 τήν
1078 1998 1167 2067 πόλιν

66 2102 364 2188 στρατοπεδεύοντες
378 2100 462 2189 ὥροις
477 2102 683 2188 ἐπιγινομένης
699 2108 849 2185 χειμῶνος
866 2101 1012 2184 ούδαμιῦς
1033 2103 1088 2167 τόν
1105 2102 1166 2185 χά-

66 2233 150 2287 ρακα
174 2201 364 2272 διελύσαντο.
391 2281 393 2285 ·
416 2211 473 2271 τοῦ
490 2207 525 2270 δέ
540 2198 615 2289 ἦρος
635 2204 814 2288 ἀνίσχοντος
829 2204 917 2283 λιμός
932 2214 995 2280 τοῖς
1004 2201 1166 2286 Ῥωμαίοις

66 2309 226 2392 ἐνίσκηψε.
267 2303 438 2391 μελλούσης
452 2310 486 2373 δέ
499 2306 703 2391 ἐπιβήσεσθαι
720 2314 776 2390 τῆς
788 2304 922 2391 μεγάλης
936 2313 997 2373 τῶν
1011 2312 1165 2392 Χριστια-

27 2418 127 2480 warda
142 2410 257 2497 ιἐορτῆς
265 2461 276 2490 ,
302 2414 353 2476 καί
366 2409 470 2487 πάθος
486 2408 564 2494 ῦμοῦ
578 2414 628 2474 καὶ
642 2407 811 2476 ἀνάστασιν
826 2416 881 2475 τοῦ
898 2417 1037 2495 σωτῆρος
1050 2406 1161 2495 ἐορτά-
1177 2422 1201 2476 Β

65 2516 123 2592 ζειν
143 2521 241 2593 θεοῦ,
268 2520 324 2580 τοῦ
347 2538 380 2578 τε
399 2519 488 2593 λιμοῦ
510 2513 584 2589 τούς
599 2509 770 2594 Ῥωμαίους
783 2513 1033 2593 νιαταπιίζοντος,
1059 2539 1164 2600 παρα·

64 2614 147 2704 δύξρν
170 2619 299 2708 προνοίᾳ
320 2619 377 2681 τινὶ
398 2614 576 2700 δΧαγάνος
593 2616 672 2701 πρὸς
685 2615 759 2692 τούς
769 2613 938 2699 Ῥωμαίους
953 2612 1161 2699 πρεσβεύεται.

62 2715 83 2799 ἢ
106 2721 141 2784 δέ
164 2719 288 2796 ἀξίωσις
309 2711 348 2803 ἦν
368 2717 456 2784 λύσιν
479 2724 523 2805 τῷ
542 2724 620 2807 λιμῷ
635 2721 797 2784 ἐπιθεῖναι.
849 2714 938 2800 δμέν
954 2711 1007 2783 οῦν
1020 2719 1161 2804 Πρίσκος

63 2823 109 2883 ἐπί
124 2827 168 2907 τῷ
185 2831 381 2903 καινοπρεπεῒ
392 2828 446 2902 τῆς
460 2818 613 2896 ἀξιώσεως
625 2818 762 2905 διηπόρει
777 2846 809 2909 τε
824 2820 1029 2902 unianimo-1
1050 2824 1112 2886 ἐπεί
1125 2825 1160 2889 δέ

25 2926 176 3000 natoue
186 2920 333 3004 Ῥωμαῖοί
343 2947 375 2987 τε
391 2925 441 2986 καί
454 2920 613 3008 βάρβαρον
624 2921 736 2987 ideone
752 2925 801 2987 καί
816 2918 1048 3004 ἀντελάμβανον
1055 2971 1066 3001 ,
1086 2950 1158 2989 πεν-

61 3084 147 3137 ιοιιινδί
164 3084 297 3137 ceionitaa
314 3085 398 3155 peiora
416 3085 557 3155 protertur.
590 3101 649 3137 nan
665 3084 708 3138 vir
725 3083 843 3153 qnidam,
861 3082 906 3151 qui
925 3083 1001 3136 rebar
1017 3084 1089 3137 vitae
1106 3084 1154 3139 hn-

61 3154 100 3205 iaa
119 3155 294 3219 τολεδίνεετεῑ,
313 3162 340 3206 et
358 3156 523 3207 monasticon
541 3154 683 3207 institutum
701 3163 817 3205 sectatus
834 3150 1022 3205 exercitatione
1041 3160 1155 3208 contern-

61 3224 180 3289 pietioaia
196 3239 292 3275 arcane
308 3221 449 3285 didicerat,
473 3222 585 3289 gladium
608 3224 702 3291 vagina
724 3238 832 3274 varanna
847 3237 910 3289 prae
926 3237 955 3271 ae
972 3222 1075 3284 serena,
1092 3231 1119 3274 et
1137 3242 1154 3277 a

61 3292 116 3344 ἐστο
134 3292 201 3361 quod
220 3291 317 3343 dicitur
334 3292 389 3359 (eat
405 3302 496 3344 antem
513 3291 556 3343 hio
571 3292 642 3343 urbia
660 3294 730 3343 Ιοοννε
746 3290 869 3355 iiiuatria)
886 3306 968 3358 aequo
985 3290 1019 3343 ad
1036 3292 1153 3343 vestiba-

61 3358 108 3411 Ιιιπι
143 3360 216 3414 aietii
232 3377 354 3423 carrena,
380 3360 531 3412 Mauricinn
552 3361 635 3430 ipearn
658 3360 804 3427 liberaeque
825 3360 881 3411 eina
896 3358 982 3426 gladia
999 3375 1100 3411 oeeaonr
1117 3359 1151 3412 iri

60 3430 219 3482 vaticinator.
254 3436 355 3481 aestate
374 3429 435 3480 itera
453 3430 628 3482 Herodianum
645 3430 787 3497 quendam,
811 3430 859 3497 'qni
876 3444 905 3479 ee
919 3428 946 3478 id
965 3425 1089 3481 divinitae
1104 3445 1152 3480 ao·

59 3499 155 3562 cepione
179 3498 341 3563 affirmaret,
363 3497 447 3551 eidem
471 3498 597 3552 Mauricio
617 3499 720 3569 pabliee
744 3496 848 3550 exitione
872 3496 1033 3567 praedixisse
1056 3496 1149 3566 anige-

59 3572 107 3619 tun
123 3576 174 3618 eat.

122 3637 157 3690 13
200 3633 253 3685 Per
278 3628 328 3686 hoo
351 3641 453 3704 tenpm
471 3634 609 3705 chagene·
626 3634 722 3688 Aberia
736 3634 878 3687 honoretur
894 3632 984 3702 eopiee
999 3649 1059 3685 anea
1075 3631 1150 3686 eolli-

58 3700 105 3769 git
132 3702 208 3757 etad
227 3703 342 3754 Moesiae
358 3702 497 3756 Thracian
514 3703 565 3756 iter
582 3704 706 3767 intendit,
733 3703 828 3757 deinde
843 3703 968 3755 Toneeaa
984 3702 1146 3770 aggreditur.

57 3774 120 3836 qnod
140 3771 184 3823 nbi
202 3770 306 3823 Priacne
322 3771 444 3835 rescivit,
461 3774 519 3826 arbi
535 3774 650 3825 afflictae
666 3788 723 3824 oum
741 3771 836 3824 euriiio
853 3773 935 3823 adeat.
971 3770 1078 3824 Romani
1095 3765 1148 3837 igi·

58 3844 98 3889 tur
116 3839 273 3907 barberinae
297 3838 331 3891 ed
354 3840 476 3894 aenean
488 3853 589 3895 enarra
608 3843 745 3905 habentor,
768 3856 911 3910 quanquam
930 3837 1013 3892 hieme
1030 3840 1147 3892 interae·

58 3905 156 3972 niente,
178 3916 354 3978 perreverent.
388 3926 450 3960 vere
473 3920 614 3980 appetente
634 3911 761 3963 Romanoa
782 3910 862 3961 tamea
883 3916 1002 3977 occupat.
1036 3925 1145 3976 cumque

58 3974 208 4029 ebriatienis
226 3977 341 4029 solennia
363 3978 453 4030 noenia
467 3988 496 4032 et
514 3979 709 4032 rerurrectionis
730 3978 825 4031 donini
842 3978 982 4031 retentoria
996 3977 1023 4029 in
1041 3977 1140 4031 inritae
1162 4005 1164 4011 ·

56 4052 153 4108 eareat,
173 4045 336 4114 Renaaiqne
356 4057 510 4099 conmeatus
529 4049 616 4118 inopie
634 4055 825 4117 premerentur,
849 4047 1016 4115 inexpectata
1032 4046 1139 4115 quedem

58 4113 229 4177 providentia,
254 4114 395 4184 chaganus
418 4116 546 4183 legatione
570 4117 646 4170 niara
666 4116 811 4185 aignifrcet,
833 4115 857 4167 εἰ
874 4116 912 4169 eia
931 4116 1047 4183 pieeeet,
1074 4115 1142 4167 velie

57 4197 83 4230 re
102 4198 186 4234 εοτιιιν
209 4184 300 4237 fenera
322 4184 462 4253 depeilere·
498 4186 601 4239 Priscae
625 4186 758 4255 petitionie
781 4185 897 4237 novitate
921 4202 1016 4254 anceps
1034 4184 1141 4238 haerere

58 4266 85 4299 ee
108 4248 230 4305 diffidere.
266 4263 398 4323 postquem
422 4271 485 4306 vero
509 4254 577 4307 inter
602 4264 725 4325 atraeque
747 4254 809 4308 deta
832 4266 861 4307 et
884 4263 993 4325 accepta
1009 4262 1049 4306 eet
1065 4254 1141 4317 ίιιλυε,
