2817 4742
244 323 319 396 318
626 322 950 391 THEOPHYLAGTI

244 491 387 582 διήραξεν
394 541 405 576 ,
430 500 496 571 τοίς
516 492 551 560 δὲ
571 486 629 561 δάο
649 490 756 580 κίρασι
775 493 1001 579 κατεπολίμησε
1013 492 1050 561 τδ
1067 490 1223 576 πολίμιον.
1277 491 1333 559 lusi

245 600 280 664 δέ
304 601 393 680 λίμνη
413 585 592 682 δπίστρωτο
612 606 678 673 ταῖς
702 592 810 675 τάποις
822 597 961 677 ἐκείνοις,
988 597 1037 663 ini
1053 596 1094 663 τά
1108 593 1210 661 ὕδατα
1227 596 1334 673 ἐξανθεῖ

243 700 299 767 τὸν
323 694 495 785 βάρβαρον.
547 700 599 765 διδ
617 706 711 767 τοῦτο
734 702 802 783 περί
824 699 860 766 νδ
886 696 997 788 ῥόθιον
1019 698 1289 784 ἀποκρουσθέντες
1307 698 1332 763 οἶ
1386 716 1387 753 ³

242 798 418 885 βάρβαροι,
445 805 496 866 καί
517 802 574 885 τήν
595 804 704 887 λίμνην
726 800 936 882 άντιμὲτωπον
965 800 1232 886 δυστυχήσαντες,
1269 800 1330 863 λίαν

233 908 390 991 ’σφοδρῶς
411 902 622 989 άπεπνίγοντο.
674 901 817 987 πλήθους
837 907 939 971 τοίνυν
972 910 1088 973 πολλοῦ
1109 904 1190 970 κατὰ
1218 898 1347 985 ταάτην5

242 1006 299 1090 τήν
322 1008 431 1090 λίμνην
451 1006 662 1094 άνηρημίνου,
689 1014 752 1074 τῶν
776 1030 810 1073 τε
830 1010 949 1073 παίδων
966 1015 1022 1075 τοῦ
1036 1004 1187 1093 Χαγάνου
1203 1003 1330 1071 άποπνι·

202 1110 354 1195 Βγίντων
377 1105 511 1190 αὐτόθι,
541 1105 801 1198 περιφανεστάτην
822 1105 990 1194 δΠρίσκος
1008 1110 1064 1194 τὴν
1077 1112 1161 1194 νίκην
1177 1102 1331 1194 ἓνεπορεά-
1387 1108 1388 1123 ’

242 1237 330 1280 σατο.
383 1214 645 1299 καταφθείρονται
666 1214 771 1280 τοίνυν
793 1215 860 1298 περί
879 1218 991 1278 τοῦτον
1009 1212 1063 1279 τὸν
1081 1210 1215 1295 πόλεμον
1233 1234 1330 1276 nens-

242 1317 367 1381 καίδεκα
384 1312 519 1397 χιλιάδες
537 1312 718 1401 βαρβάρων.
769 1311 786 1382 ὅ
810 1316 866 1399 μὲν
890 1308 944 1381 οὖν
972 1319 1119 1399 Χαγᾶνος
1140 1310 1329 1389 δπικινδάνιος

243 1417 409 1491 διασωθείς
433 1416 513 1481 κατά
539 1419 594 1483 τὸν
623 1417 740 1484 Τισσδν
763 1418 875 1503 γίνεται
902 1413 1053 1499 ποταμόν.
1112 1415 1279 1503 τριακοστὴ
1299 1414 1358 1485 iiio

242 1516 360 1604 ήμίρα,
388 1520 439 1584 καί
461 1515 478 1583 δ
500 1514 662 1605 βάρβαρος
681 1518 818 1595 συνίλεξε
843 1517 980 1603 δάναμιν.
1032 1520 1095 1583 ἐπεὶ
1116 1522 1151 1587 δέ
1183 1522 1235 1584 καί
1258 1516 1327 1602 πρδς

246 1620 396 1704 τέταρτον
410 1617 542 1703 πόλεμον
564 1622 621 1705 τὴν
635 1621 781 1703 ἐπιβολήν
804 1623 932 1687 ἐποιεῖτο
949 1625 1000 1687 καί
1012 1618 1131 1687 τοάτεον
1148 1617 1164 1685 δ
1183 1628 1247 1686 τῶν
1259 1618 1326 1684 ‘Pu-
1389 1631 1390 1697 i

246 1724 347 1809 μαίων
370 1723 542 1808 στρατηγὸς
572 1721 712 1807 ἠκηκόει,
745 1720 976 1807 στρατοπεδεύει
1003 1719 1020 1789 ὅ
1045 1726 1184 1807 Πρίσκος
1212 1723 1260 1786 ε’πί
1279 1719 1326 1785 τδν

247 1826 364 1893 Τισσδν
385 1825 534 1910 ποταμόν.
585 1823 716 1913 ὁρίζεται
734 1822 897 1911 τοιγαροῦν
926 1824 1054 1916 ἕκατίρρι
1080 1821 1208 1907 δυνάμει
1233 1820 1327 1907 ήμίρο

246 1929 325 2015 πρδς
338 1925 480 2011 πόλεμον.
534 1929 596 1993 ἐπεί
615 1930 650 1993 δὲ
672 1929 707 1994 νδ
730 1929 928 2012 διωρισμένον
945 1929 1040 2013 πίρας
1061 1924 1247 2010 ἐλάμβανεν,
1272 1922 1358 1991 rini15

207 2053 232 2110 c
248 2028 373 2115 πρώτην
393 2026 471 2096 iuri
496 2032 636 2113 Πρίσκος
658 2030 788 2107 ἐναλλάξ
807 2032 862 2107 τδς
876 2028 1017 2114 δυνάμεις
1032 2032 1189 2112 συνίταξε,
1217 2031 1269 2094 καὶ
1279 2026 1328 2109 τήν

244 2134 302 2217 μέν
326 2129 483 2214 εδάνυμον
505 2129 647 2218 φάλαγγα
671 2132 771 2209 δεξιὰν
787 2130 972 2217 ἐποιήσατο,
993 2133 1050 2217 τήν
1063 2135 1205 2216 δέμίαην
1221 2127 1330 2197 εὖάνυ-
1390 2140 1391 2143 ’

243 2262 314 2320 μον.
365 2231 382 2302 ὅ
406 2236 440 2301 δὲ
452 2230 613 2321 βάρβαρος
635 2236 817 2301 δυοκαίδεκα
836 2232 1028 2320 συστήμασιν
1050 2237 1194 2315 ἐξοπλίζει
1210 2228 1329 2300 τδνπά-

242 2344 345 2422 λεμον.
399 2339 429 2404 οἱ
443 2339 500 2421 μὲν
518 2331 571 2403 οὖν
582 2336 726 2421 Ῥωμαῖοι
739 2334 948 2426 ήροιῖκιάτερον
963 2345 1020 2422 τῆς
1032 2334 1133 2423 μάχης
1150 2337 1327 2421 ἀπείχοντο,
1391 2363 1392 2447 ρ

242 2449 282 2528 τῇ
303 2443 406 2508 τοίνυν
430 2437 567 2507 ἔνστάσει
586 2441 660 2517 τοδς
677 2438 860 2525 βαρβάρους
873 2442 1131 2526 κατεπολέμησαν.
1182 2443 1234 2506 καὶ
1250 2437 1360 2505 sirii-m
1391 2470 1392 2477 ι

242 2551 334 2610 λυται
348 2546 398 2609 καί
412 2542 491 2608 κατὰ
507 2540 623 2627 ταύτην
636 2544 692 2625 τήν
705 2540 809 2627 μάχην
822 2551 945 2626 πλῆθος
959 2546 1112 2625 πολεμίων
1125 2540 1216 2608 πολά.
1255 2537 1328 2607 ταά-

242 2671 301 2730 την
319 2648 422 2712 τοίνυν
440 2645 498 2729 τήν
524 2647 609 2727 νίκην
632 2644 832 2730 εὐδοξοτέραν
856 2646 892 2710 νδ
912 2652 974 2710 τῶν
993 2642 1152 2728 Ῥωμαίων
1181 2640 1328 2709 δπλιτικδν

243 2748 417 2825 ιἰνεδίξατο.
469 2744 486 2812 δ
512 2748 546 2812 δὲ
566 2748 705 2831 Πρίσκος
730 2748 882 2834 τίσσαριις
907 2743 1050 2834 χιλιάδας
1076 2742 1246 2827 συντάξας,
1278 2744 1326 2809 τδν

245 2851 363 2917 Τισσδν
386 2846 593 2934 διανήξασθαι
615 2849 728 2916 ἰκίλευε
749 2853 799 2916 καί
814 2850 1039 2935 ἀνερευνᾶοθαι
1051 2850 1091 2916 τά
1106 2856 1168 2915 τῶν
1182 2849 1326 2931 πολεμίων

202 2964 229 3018 Ι)
245 2951 407 3037 κινήματα.
460 2954 489 3018 oi
508 2953 565 3036 μὲν
588 2945 643 3018 οὖν
666 2950 726 3018 rinei
756 2958 812 3018 τοῦ
837 2960 1011 3039 στρατηγοῦ
1035 2954 1259 3043 ἐκπεμφθέντες
1278 2950 1356 3015 siu&

243 3056 364 3142 γείτονα
397 3054 538 3135 ποταμὸν
571 3057 830 3142 διαπεραιοῦνται.
891 3054 1143 3144 περιτυγχάνουσι
1173 3060 1324 3142 τοιγαροῦν

246 3316 350 3382 cistris,
366 3333 411 3370 eos
427 3314 583 3388 impellebat.
616 3325 644 3376 et
659 3321 779 3391 quonism
795 3325 911 3390 stagnum
929 3320 990 3375 lucis
1006 3319 1058 3373 iliis
1073 3321 1194 3382 suberat,
1210 3314 1327 3371 inundes

246 3403 291 3441 eus
308 3387 438 3455 adigebat.
460 3406 538 3457 .quss
555 3406 612 3443 curu
629 3392 710 3444 ocutis
729 3392 907 3460 prospicerent
924 3398 951 3443 et
966 3390 1059 3442 circum
1077 3405 1122 3441 eus
1139 3388 1232 3441 ruisere
1249 3386 1328 3455 agite·

245 3463 350 3518 rentur,
368 3458 426 3509 diss
441 3455 468 3509 iu
484 3458 548 3528 ipsis
564 3470 646 3515 murts
661 3460 860 3513 suffocabantur.
897 3458 1011 3528 plurimis
1028 3458 1116 3527 igitur,
1134 3466 1162 3509 ct
1177 3456 1252 3508 simui
1265 3456 1330 3506 Cin·

243 3524 306 3596 geni
323 3523 385 3576 filiis
401 3522 448 3576 teli
465 3528 539 3581 modu
555 3530 717 3594 summersis,
740 3528 934 3581 illustrissimum
956 3527 1090 3580 victorium
1107 3526 1212 3580 Priscus
1229 3524 1329 3577 retulits

245 3613 276 3648 οο
295 3594 360 3648 euin
378 3609 518 3662 congressu
536 3598 702 3652 burburus-nn
722 3596 864 3666 quindecim
882 3596 962 3649 millia
979 3598 1058 3649 vium
1076 3596 1193 3649 οιοίιοτα.
1230 3594 1330 3660 chagn-

243 3681 292 3718 uus
314 3679 363 3717 nun
388 3662 444 3714 sine
469 3664 583 3731 periculo
605 3669 692 3720 seivus
716 3668 749 3721 ud
777 3667 882 3718 Tissun
898 3664 1002 3718 fluvium
1020 3664 1112 3719 evasit.
1147 3663 1189 3716 die
1206 3662 1328 3715 tricesimu

243 3733 368 3788 burburus
385 3730 523 3785 exercituin
543 3734 576 3785 sd
594 3747 712 3803 questum
727 3736 848 3804 praelium
863 3734 1025 3788 instauravit.
1059 3732 1129 3804 quud
1152 3733 1261 3786 simuiuc
1282 3730 1327 3779 dux

243 3804 372 3857 Romanus
388 3800 519 3867 comperit.
538 3810 565 3853 et
582 3803 638 3869 ipse
656 3807 688 3856 ad
708 3805 809 3858 'lissum
827 3822 923 3857 amnem
942 3813 1053 3857 armatus
1068 3802 1171 3873 prodiit.
1207 3804 1240 3854 ub
1256 3797 1328 3849 utris-

242 3890 296 3941 que
318 3870 483 3924 cummuniter
505 3869 562 3922 dies
585 3871 618 3922 ud
644 3874 787 3926 conflictum
811 3872 998 3943 praestituitur.
1040 3871 1062 3924 is
1085 3879 1219 3941 postquem
1243 3863 1328 3925 iunxit,

243 3943 291 3993 sub
316 3957 433 3993 surorum
458 3938 561 3991 Priscus
583 3939 714 3991 ordinibus
739 3943 888 4008 permutatis
912 3959 973 3995 suos
996 3941 1126 4010 disponit,
1156 3947 1184 3989 et
1205 3936 1326 3987 sinistram

244 4011 326 4061 ucieru
343 4010 408 4062 iacit
425 4010 556 4071 dextrum,
574 4009 680 4058 medium
699 4019 783 4061 autern
801 4010 938 4062 sinistrum.
974 4012 1097 4062 burburus
1114 4024 1173 4057 suus
1191 4006 1218 4055 in
1236 4002 1328 4053 ducue-

243 4077 292 4129 σίιο
316 4078 418 4131 ordines
444 4078 548 4146 digerit.
583 4076 689 4129 Rcrnnui
712 4078 822 4129 viriiiter
846 4088 873 4131 et
899 4077 1009 4130 animose
1035 4074 1166 4128 certamini
1185 4072 1326 4123 insistenter

244 4144 368 4197 burburus
392 4148 535 4210 debellent,
557 4161 722 4213 magnumque
748 4147 823 4197 etiam
848 4155 900 4199 turn
918 4144 1103 4198 multitudinem
1121 4140 1260 4194 conficiunt
1276 4140 1326 4206 giu-

245 4212 388 4280 riusaurque
412 4215 545 4268 victorinus
570 4222 765 4282 consequuntur.
807 4214 912 4267 Priscus
935 4224 1044 4281 qustuur
1067 4210 1145 4263 miiliu
1170 4210 1204 4263 ud
1227 4212 1324 4263 'l'issun

244 4279 356 4333 vicinum
372 4282 469 4337 flumen
484 4283 665 4337 truuseunduru
681 4281 843 4353 hostiumque
859 4291 941 4337 mutus
958 4289 986 4336 et
1001 4278 1179 4335 inclinationes
1196 4278 1325 4351 exploren-
