2817 4742
423 297 714 367 HISTORIARUM
737 300 781 369 V.
802 297 838 383 9.
1123 300 1195 370 221

84 472 166 560 (9)
198 470 277 538 κατὰ
293 475 403 538 τοῦτον
428 472 507 555 δῆτα
527 468 582 538 τάν
594 475 697 557 χῶρον
718 465 906 559 αάλιζομίνιρ
918 462 1051 557 Χοσράῃ
1063 468 1094 536 oi
1108 469 1194 556 ααρά
1209 457 1237 580 2
1253 525 1304 584 m

83 585 153 643 τοῦ
173 572 328 657 Μεβόιῑαυ
342 574 501 650 σταλίντες
513 565 587 658 ἦνον
599 572 685 660 παρά
701 572 915 654 τὸνβασιλέα,
943 576 1052 639 αίοίων
1072 570 1195 660 ἀφηγη-

84 678 213 765 μάτων
234 680 352 761 ἔχοντες
373 672 573 761 ἀιαμάρευσιν.
625 673 643 742 ὃ
665 678 722 760 μέν
735 668 790 741 osis
803 673 843 741 τά
859 676 908 742 lul
921 683 977 759 τῆς
992 678 1197 759 Βαβυλωνίας

85 782 285 866 πραχθέντα
312 778 453 865 ιλιαγνσάς
473 786 519 869 τῷ
540 774 692 868 Μεβάιλῃ,
723 774 827 862 ssim
842 777 953 863 σκευὴν
965 777 1022 861 τὴν
1041 781 1236 861 βασίλειονΡ
1255 787 1303 844 131

58 867 160 969 5τὴν
172 884 237 949 ἀντι)
251 891 307 966 τῆς
322 886 543 969 Κτησιφῶντος
564 882 740 968 δεδεγμένος
753 885 917 946 σταλεῖσαν
940 880 1026 970 αάτῷ
1034 930 1044 962 ,
1071 884 1120 947 ini
1134 891 1199 960 τοῖς

85 987 361 1073 κατωρθωμένοις
382 983 631 1070 ἀναβρυνάμενος
651 984 732 1068 μεθ’
757 984 880 1067 ίλαρίας
894 987 1007 1070 Ναρσῇ
1020 1010 1053 1049 τε
1066 986 1200 1061 καὶτοῖς

80 1088 258 1174 Ῥωμαίων
279 1086 444 1171 δυνάμεσιν
459 1091 629 1174 ίστηλίτευε
640 1089 697 1170 τὴν
710 1088 866 1163 ἓνίτευξιν.
901 1082 1000 1169 ipssa
1016 1088 1051 1152 δὲ
1063 1087 1196 1172 πίματη,

86 1197 147 1260 καὶ
162 1196 248 1276 τρισί
263 1192 299 1259 τὸ
311 1188 479 1272 Ῥωμαῖκίιν
498 1189 693 1278 χρησάμενον
712 1186 841 1272 χάραξιν
856 1197 922 1264 τοῖς
943 1190 1011 1274 περὶ
1025 1187 1079 1253 τάν
1093 1187 1200 1255 Ἰωάν-

84 1323 150 1381 νην
177 1302 332 1363 κοινοῦται
346 1291 568 1380 συντάγμασιν.
619 1294 653 1359 ci
664 1290 721 1376 μίν
737 1284 793 1358 οάν
807 1287 950 1373 δυνάμεις
966 1292 997 1367 sc
1007 1289 1108 1356 κοινὸν
1120 1315 1197 1356 συν-

44 1413 79 1465 10
87 1405 251 1465 ελθοῦσαι
264 1399 409 1481 μεγίστην
426 1398 494 1461 τινὰ
515 1396 684 1483 εὐρωστίαν
703 1394 875 1479 ἀμοιβαίιος
890 1396 996 1480 σφίσιν
1010 1392 1119 1469 αάταῖς
1130 1395 1195 1458 idl-

86 1499 199 1567 δοσάν
215 1524 248 1565 τε
265 1502 315 1563 καί
329 1494 568 1582 ἀντελάμβανον.
618 1498 735 1583 λίγεται
758 1499 792 1563 δὲ
815 1496 870 1561 τάν
887 1498 944 1577 μίν
964 1491 1112 1579 Χοσράην
1126 1494 1197 1576 ἀμα
1231 1539 1234 1547 ,

85 1612 137 1693 τῷ
165 1608 351 1691 συμμαχικῷ
377 1608 440 1667 τῶν
462 1598 609 1683 ἑξήκοντα
638 1599 807 1684 περαιτίρω
832 1595 1033 1683 ἓαιφίρεσθαι
1052 1593 1196 1679 χιλιάδας

84 1708 257 1791 μαχίμων,
281 1705 336 1770 τάν
356 1705 390 1768 di
410 1703 526 1787 Βαράμ
544 1698 776 1787 τεσσαράκοντα
795 1696 929 1783 χιλιάσιν
946 1695 1103 1766 ὁπλιτικοῦ
1116 1725 1194 1767 κατ·

85 1807 179 1876 τάειν
194 1809 248 1875 τάν
264 1805 406 1887 πόλεμον.
457 1807 507 1871 καί
522 1804 560 1889 (λη’
577 1801 593 1870 ὅ
610 1803 728 1887 Βαράμ
742 1802 855 1887 κλίψαι
876 1806 1018 1869 διενοεῖτο
1033 1803 1088 1868 τὸν
1103 1800 1195 1870 niis·
1211 1812 1235 1868 B

47 1924 79 1978 15
87 1940 154 1995 μον
161 1961 174 1991 ,
208 1907 395 1975 ἓνάλλεσθαί
412 1932 445 1973 τε
465 1908 575 1983 νυκτάς
596 1908 676 1973 κατὰ
696 1913 753 1990 τῆς
770 1912 833 1971 τῶν
851 1901 1012 1987 Ῥωμαίων
1026 1902 1195 1989 δυνάμεως.

87 2022 150 2098 τῆς
168 2014 273 2080 τοίνυν
285 2014 458 2098 δυσουρίας
469 2017 532 2077 τῶν
542 2005 645 2077 τάττων
660 2006 806 2092 καλάμην
818 2014 858 2095 τῇ
873 2010 1021 2096 ίαιβουλῇ
1033 2032 1196 2096 παρασχο-

86 2118 207 2202 μίνης,
235 2113 323 2200 ἡλίου
338 2114 518 2197 ἀνίσχοντος
539 2109 713 2197 κατάδηλος
731 2110 892 2194 Ῥωμαίοις
907 2113 1035 2197 ίμίγνετο
1054 2110 1121 2179 ὅτε
1138 2110 1196 2179 do'-

87 2228 145 2297 λος
164 2222 198 2296 ἔς
213 2218 248 2285 τὸ
263 2216 395 2306 φανεράν
407 2212 581 2301 ἀπεξήγετο.
633 2218 722 2303 τρίτῃ
736 2217 770 2281 δι’
784 2215 835 2306 ίιμ,
863 2217 914 2281 καί
927 2214 957 2280 oi
967 2216 1026 2298 μὲν
1041 2213 1123 2302 ἀμφί
1139 2215 1195 2281 τάν

89 2323 214 2408 Βαράμ
227 2322 477 2404 πολεμησείοντας
491 2316 570 2402 με’τά
583 2325 663 2403 βοῆς
677 2320 774 2384 τεκαὶ
791 2314 934 2403 θοράβου
948 2316 1087 2405 ἐσῄεσαν,
1107 2317 1145 2383 sd
1159 2318 1195 2383 δέ

48 2422 262 2509 λοῬωμαῖκάν
275 2420 404 2509 ἡσυχίας
417 2422 564 2514 εάκοσμίρι
577 2424 628 2487 καί
643 2428 700 2487 τοῦ
716 2417 856 2508 θράλλου
870 2420 1021 2504 ἀμίτοχον
1034 2417 1192 2486 ἀιιθάνετο

88 2529 176 2613 πρὸς
192 2523 373 2613 παράταξιν.
425 2532 469 2617 τῷ
487 2526 521 2591 ἀί
534 2520 653 2613 Badrin
671 2525 722 2590 xci
748 2519 883 2611 Σαράμῃ
896 2533 962 2600 τοῖς
977 2532 1160 2611 στρατηγοῖς
1174 2520 1192 2590 ἀ
1268 2525 1272 2530 “

89 2636 229 2719 Ναρσῆς
250 2630 443 2713 ίχαλίιιαινεν
462 2628 520 2712 οάχ
536 2630 611 2704 οίοις
633 2653 666 2693 τε
681 2620 750 2693 οὖσι
762 2630 820 2703 τὰς
835 2629 903 2714 περὶ
918 2626 1034 2703 αὐτοῦς
1047 2623 1192 2709 δυνάμεις

89 2740 155 2801 τῶν
171 2729 343 2819 βαρβάρων
357 2728 547 2812 κατευνάζειν
563 2731 641 2817 πρὸς
655 2731 691 2797 cd
709 2736 765 2813 τῆς
779 2730 907 2815 ἠρεμίας
921 2726 1094 2795 ἀθόλωτον.
1124 2730 1191 2793 τοί-·

91 2862 146 2901 νυν
171 2838 371 2917 μετειλίιλοσαν
398 2837 449 2897 καί
469 2840 525 2915 τῆς
545 2836 662 2899 iuvenis
682 2832 847 2913 εὐκοσμίας
865 2841 933 2906 ταῖς
954 2826 1229 2914 συμμαχοάσαιςῦ

53 2944 156 3005 &sois
172 2932 345 3022 βαρβάρων
362 2935 392 3001 σί
402 2931 546 3019 Ῥωμαῖοι
561 2932 725 3019 ιλυνάμεσι,
753 2936 805 3001 καί
824 2934 968 3001 πείθουσι
982 2935 1190 3021 διακοσμῆσαι

164 3102 207 3156 16.
225 3098 298 3153 inmo
317 3098 481 3169 δυσπορίας.
584 3102 628 3155 18.
645 3100 724 3169 τρίτη
741 3096 772 3154 di
790 3095 843 3162 ἕως
861 3098 992 3154 usitatius.

92 3236 255 3291 consociatae
280 3238 360 3291 robur
386 3235 588 3303 inexpugnabile
612 3234 798 3304 adipiscantur.
837 3237 897 3302 (9)
921 3236 971 3288 hoc
993 3234 1021 3287 in
1046 3235 1104 3288 loco
1131 3237 1189 3305 regi

93 3304 262 3359 commoranti
277 3305 419 3357 laudarum
445 3323 528 3357 rerum
551 3303 633 3356 nuntii
656 3322 673 3358 a
694 3306 807 3359 lilebode
828 3305 979 3357 afferuntur.
1013 3303 1059 3372 qui
1077 3306 1189 3373 cognitis

92 3374 255 3443 Babyloniae
271 3373 425 3434 transactis,
448 3378 621 3441 susceptoque
638 3386 768 3443 apparatu
786 3374 858 3445 regio
884 3390 900 3425 a
918 3373 1087 3444 Ctesiphonte
1104 3385 1191 3426 trans-

93 3446 186 3508 misso,
205 3445 272 3496 beno
289 3442 371 3511 gestis
388 3441 518 3511 glorians,
543 3441 623 3494 Narsi
639 3450 667 3495 et
684 3444 806 3497 Romanis
825 3442 963 3508 militibus,
980 3442 1190 3513 quemadmodum

93 3514 141 3565 sibi
158 3519 223 3565 vota
239 3512 353 3566 feliciter
370 3512 559 3582 processerint,
577 3509 703 3565 edisserit.
739 3515 831 3583 quinta
853 3529 932 3581 porro
957 3514 1000 3565 die
1017 3511 1126 3564 Romani
1143 3514 1192 3565 tri·
1262 3548 1271 3556 -

93 3582 142 3633 bus
159 3580 290 3648 dispertiti
308 3581 403 3634 castris
420 3579 525 3634 loannis
542 3579 637 3647 agmini
655 3592 843 3651 aggregantur,
863 3588 892 3634 et
908 3582 958 3633 iam
976 3582 1003 3634 in
1021 3598 1097 3634 unum
1110 3582 1190 3633 reda-

95 3650 130 3701 cti
156 3650 298 3702 exereitum
324 3650 420 3703 animos
452 3650 516 3703 dant
545 3658 573 3701 et
597 3648 729 3719 accipiunt
760 3652 869 3704 invicem
892 3651 1023 3705 maximos.
1057 3652 1124 3702 fama
1149 3656 1191 3702 est

95 3717 308 3772 Cbosroeu'cum
332 3719 473 3772 auxiliariis
505 3718 612 3789 amplius
638 3720 775 3787 sexaginta
800 3720 879 3773 millia
902 3720 1022 3786 duxisse,
1051 3721 1190 3771 Varenum

97 3787 269 3854 quadraginta
286 3787 373 3841 millia.
408 3798 536 3861 caeterum
556 3788 680 3841 Varamos
698 3790 757 3843 dolo
775 3791 865 3843 bellico
885 3806 932 3857 per
948 3798 1046 3841 noctem
1060 3786 1189 3841 Romanos

96 3858 227 3924 cogitabat
251 3856 413 3923 opprimerer
436 3857 483 3910 sed
506 3858 616 3910 locorum
641 3857 796 3919 difficultate
819 3858 967 3928 impeditum
984 3858 1023 3909 sol
1040 3865 1112 3907 ortus
1129 3874 1188 3909 cum

95 3921 190 3977 insidiis
208 3925 338 3993 prodidit,
362 3932 389 3978 et
407 3928 479 3979 fraus
504 3926 531 3978 in
555 3932 647 3997 aperto
665 3928 725 3980 luit.
758 3928 838 3981 tertio
862 3928 905 3980 die
922 3925 1057 3979 Varamaei
1075 3926 1189 3995 praelia·

96 3989 171 4046 bundi
188 4010 244 4047 cum
262 3992 374 4045 clamore
390 4011 421 4047 ac
438 3996 548 4066 strepitu
567 3995 728 4066 procedunt:
754 3996 861 4050 Romani
879 4013 929 4065 qua
947 4011 995 4063 par
1011 4000 1070 4048 erat
1086 3996 1183 4061 quiete,

98 4067 122 4109 et
137 4064 237 4133 absque
253 4060 382 4131 strepitu,
399 4064 431 4115 ad
450 4065 574 4133 praelium
589 4067 765 4135 accinguntur.
801 4066 971 4120 succensebat
986 4071 1072 4117 autem
1089 4063 1184 4118 Biudoi

97 4134 122 4178 et
137 4132 260 4185 Saraucae
282 4130 390 4183 ducibus
413 4133 534 4197 Narses,
558 4136 626 4203 quod
645 4137 829 4201 barbarorum,
853 4150 919 4204 quas
936 4135 1076 4202 regebant,
1095 4134 1183 4203 copias

96 4211 255 4267 conpescere
272 4200 350 4255 etad
368 4199 495 4269 placidam
512 4202 624 4272 quietem
643 4204 751 4273 adigere
768 4224 818 4259 nou
835 4211 952 4273 possent.
986 4221 1068 4272 quare
1084 4203 1118 4256 de
1134 4220 1183 4255 sua

97 4265 216 4323 modestia
233 4286 290 4325 cum
306 4267 385 4325 sociis
401 4270 520 4328 barbaris
536 4274 645 4328 Romani
657 4276 851 4339 communicant,
868 4282 898 4329 et
910 4281 941 4328 at
955 4274 1046 4328 ordine
1057 4274 1084 4329 in
1100 4271 1181 4329 scien
