2817 4742
447 344 593 413 REGUM
623 347 659 414 1..
684 343 744 416 IV.
1076 347 1150 419 127

17 515 99 582 καὶ
120 511 291 599 ’Ἀλκμονος
317 513 396 580 κατδ
428 518 602 603 πυγμαχίαν
633 509 848 602 στερρότερος,
881 514 1005 603 περίτι
1029 511 1148 603 δρύμον

12 617 313 704 Ἀριστομίδοντος
331 621 482 686 Δικταίου
502 645 535 685 τε
556 622 608 686 καί
629 614 774 705 Πριάσου
796 613 964 704 ῶκύτερος,
991 622 1043 686 καὶ
1056 621 1088 687 ίν
1102 626 1147 710 τῷ

17 718 232 802 τοξάζεσθαι
240 718 403 804 Ὑμεναίου
419 721 634 810 καλἌστερίου
649 727 755 810 πολλῶ
769 718 1002 807 εύστοχύτερος.
1054 725 1088 802 ἓξ
1102 714 1147 791 ῶν

18 824 183 910 ὀλίγιστα
199 821 422 909 διαγρύψυμαι.

152 933 207 1016 Τῷ
227 932 350 1010 βασιλεῖ
370 929 445 995 nord
465 929 533 1011 περὶ
557 924 663 1016 θήραν
687 928 908 1014 λνδιατρίβοντι
936 929 969 1006 ίξ
997 926 1075 1013 ύλης
1098 953 1146 1006 τις

20 1031 247 1115 παμμεγέθης
270 1029 383 1118 ἔλαφος
410 1035 452 1108 εἰς
475 1032 570 1115 μίσον
601 1035 801 1118 πεφοίτηκεν,
838 1021 875 1097 ού
900 1038 963 1097 τῶν
992 1031 1145 1100 ὀπισθίων

20 1136 151 1198 ποδῶν
175 1135 302 1221 ίπαφελς
327 1159 362 1199 κο
393 1131 458 1220 ’νην
483 1131 500 1201 δ
520 1136 665 1218 βασιλεύς
689 1140 739 1201 καλ
761 1130 992 1218 κατευτυχήσας
1013 1131 1145 1213 τούτους

23 1236 218 1302 διίθλασεν.
258 1237 293 1303 sd
306 1160 437 1324 adali&
452 1244 543 1308 τοῦτο
561 1241 611 1305 καλ
625 1237 673 1304 inl
687 1236 771 1329 λύκῳ
783 1233 1011 1320 κατεπεπρύχει.
1044 1263 1139 1325 σφαι-
1155 1248 1183 1303 lt

23 1334 190 1422 ριζύντιυν
209 1339 244 1405 δὲ
265 1340 344 1406 κατὰ
365 1341 402 1407 vd
422 1341 499 1426 πρδς
520 1341 560 1408 ui
580 1343 723 1424 βασίλεια
744 1342 900 1426 μίσαυλον
913 1339 934 1424 ἢ
947 1338 1025 1406 κατὰ
1037 1349 1143 1428 χῶρον

0 1444 145 1508 ι’ίππων
172 1438 409 1529 ἆμιλλητήριον,
444 1443 591 1512 ούδέποτε
624 1451 681 1528 τῆς
701 1447 840 1533 σφαίρας
860 1439 1054 1526 ἇποτετύχει,
1089 1445 1143 1510 καί

23 1570 87 1610 τοι
112 1551 236 1612 πολλῶν
260 1548 509 1631 διαμιλλωμίνων
531 1551 583 1614 καλ
609 1546 854 1631 ἐπεμβαινόντων
876 1553 916 1632 τῇ
936 1549 1058 1636 παιδιᾷ·
1089 1549 1142 1613 καλ

22 1655 191 1714 τοσοῦτον
205 1652 354 1733 ἐπιτυχῶς
368 1653 418 1715 καὶ
431 1652 577 1736 γενναίως.
585 1653 625 1716 τὰ
641 1659 697 1733 τῆς
709 1651 847 1735 σφαίρας
865 1648 951 1735 αύτῶ
977 1697 1137 1716 .......

25 1750 120 1818 ὥστε
144 1749 287 1828 πολλάκις
309 1748 496 1834 συστήσαντι
512 1751 630 1837 ταύτην
645 1750 703 1816 ἀπ’
720 1751 818 1835 ἄκρας
838 1749 976 1827 αύλῶιος
991 1753 1139 1833 διαβιβα-

13 1861 158 1944 ,σθῆναι
175 1851 233 1932 ἔξω
247 1855 326 1920 κατὰ
340 1851 419 1920 πολύ
431 1880 464 1940 γε
480 1861 537 1921 τοῦ
551 1855 720 1941 τίρματος,
748 1851 791 1930 ῶς
803 1853 847 1937 μή
860 1850 978 1937 ταύτην
997 1850 1136 1939 δρᾶσθαι
1152 1866 1184 1925 V.
1201 1867 1235 1923 dl

0 1994 11 2012 u
27 1957 70 2022 τὸ
98 1954 238 2022 σύνολον.
290 1960 538 2044 ίμεγαληγορείτο
556 1959 590 2024 δὲ
604 1961 713 2048 καὶτῷ
729 1956 853 2045 ἇρχηγρλ
867 1952 1059 2043 Βουλγύρων
1074 1985 1138 2024 πα-

27 2055 236 2140 λαιστρικύς,
261 2057 296 2133 δς
316 2061 396 2124 κατὰ
416 2063 609 2145 παλαίστραν
623 2062 764 2145 ε’κίκτητο
780 2061 816 2126 τύ
833 2055 1002 2144 ἀήττητον·
1026 2067 1139 2133 τοῦτον

28 2159 117 2244 πρδς
143 2157 200 2243 τήν
222 2163 371 2239 βασιλίδα
389 2159 593 2246 θαρρούντως
618 2164 792 2247 ἐκπίπομφε
813 2169 1020 2248 πειρασθῆναι
1041 2168 1138 2230 δυνα-

27 2260 209 2336 στεύοντος.
263 2264 312 2328 inl
335 2259 437 2352 τούτῳ
458 2260 623 2350 δυσφόρως
647 2260 723 2346 είχεν
742 2260 760 2328 δ
777 2263 941 2345 βασιλεύς,
973 2266 1054 2330 ἀλλὰ
1082 2266 1139 2351 τήν

29 2367 213 2453 δυσφορίαν
232 2367 275 2442 εἷς
295 2366 331 2432 τδ
351 2364 483 2452 εύφορον
504 2363 748 2453 μετερύδμισεν,
770 2363 880 2430 invade
898 2369 1008 2441 καθείς
1022 2373 1061 2453 τῇ
1077 2394 1140 2432 πα-

0 2502 15 2533 .ι
29 2471 170 2560 λαίστρρ
178 2517 188 2547 ,
216 2469 295 2552 πλήν
310 2469 388 2552 μετὰ
401 2465 615 2554 προσηκούσης
630 2475 687 2553 τῆς
700 2464 909 2554 ἐπικρύψεως·
935 2494 1139 2554 μετασχημα-

29 2574 157 2647 τισθελς
171 2570 231 2656 γὰρ
243 2579 306 2638 τῶν
317 2577 484 2654 βασιλικῶν
498 2571 642 2658 ἐσθήτων
655 2579 700 2662 τῷ
719 2574 881 2638 παλαίοντι
896 2569 1044 2658 πρόσεισι.
1085 2577 1138 2640 καλ

30 2673 47 2740 ὅ
60 2677 123 2758 μὲν
135 2668 267 2759 Σκύθης
282 2675 336 2742 niv
351 2671 523 2743 Μακεδύνα
536 2677 718 2761 μετεωρίσαι
731 2675 776 2758 μή
790 2671 978 2740 ἐνδεδωκότα
995 2682 1034 2761 τῇ
1049 2676 1138 2762 ι’ίρσει

31 2776 222 2862 διήμαρτεν·
250 2775 267 2844 ὅ
284 2779 318 2844 δὲ
333 2787 444 2847 τοῦτον
457 2783 543 2865 χερσὶ
557 2781 707 2864 γενναίαις
721 2775 851 2861 ἑτοίμως
865 2774 976 2864 διάρας
990 2783 1138 2865 σφοδρῶς

30 2905 65 2946 τε
88 2875 285 2965 περιδινήσας
304 2884 548 2967 ε’παγκυλίζεται,
570 2881 715 2948 καὶκατὰ
730 2888 788 2967 μήν
806 2888 920 2965 πτῶμα
933 2881 1031 2969 ῥίπτει
1047 2909 1135 2966 παμ-

102 3028 131 3083 9.
151 3017 170 3092 ἣ
186 3027 347 3098 ιιαταηῶρον
364 3028 395 3082 1..
499 3030 542 3084 17.
559 3024 735 3097 ἒκτὲιτσμφαι
752 3028 783 3080 1..

32 3145 155 3217 pugilatu
172 3145 283 3208 iirmlor.
309 3146 336 3206 in
353 3163 431 3201 cursu
448 3145 654 3200 Aristomedonte
670 3147 831 3217 Dictaeoqne
849 3163 882 3199 ac
898 3146 990 3200 Priaso
1007 3147 1132 3212 velocior,

31 3217 58 3270 in
75 3216 224 3285 sagittando
242 3217 391 3287 Hymenaeo
408 3224 436 3270 et
452 3217 554 3271 Asteria
571 3218 647 3286 longe
670 3216 812 3271 dexterior.
846 3215 890 3269 Ex
914 3216 1007 3286 quibua
1026 3215 1133 3289 paucis-

31 3287 97 3340 sima
114 3285 267 3338 adscribam.

103 3355 168 3408 Cum
194 3354 333 3422 impertior
351 3353 488 3425 aliquando
504 3353 532 3407 in
551 3361 646 3408 venatu
664 3359 747 3419 esset,
767 3372 783 3408 e
800 3353 866 3407 silva
887 3370 979 3405 cerrus
996 3352 1088 3422 ingens
1105 3355 1132 3406 in

32 3423 144 3476 rnedinm
167 3424 254 3486 venit,
279 3423 352 3476 cuius
376 3423 532 3492 posteriores
553 3424 634 3494 pedes
657 3423 774 3478 coniecta
797 3424 872 3477 clava
888 3423 1026 3490 confregit.
1060 3423 1132 3476 idern

32 3490 94 3543 illud
121 3499 149 3544 et
172 3492 231 3562 lupo
252 3492 324 3545 iecit.
361 3493 418 3546 Pila
442 3504 526 3546 antero
544 3509 600 3546 cum
617 3486 735 3546 inderent
751 3493 777 3545 iu
795 3492 861 3545 atrio
878 3493 911 3543 ad
929 3493 1026 3560 regiam
1043 3503 1088 3545 ant
1105 3493 1132 3543 in

35 3558 128 3624 Circo,
154 3577 281 3630 nunquam
305 3561 438 3614 aberravit
454 3579 471 3615 a
489 3562 542 3630 pila
566 3563 714 3632 tangenda,
739 3563 855 3629 quamvis
871 3560 956 3612 multis
974 3561 1134 3614 certantibus

34 3635 60 3680 et
82 3629 315 3684 intervenientibus
337 3630 411 3683 Ιοδοι
435 3638 538 3698 tarnqne
555 3633 648 3685 dextre
665 3640 692 3684 et
710 3631 796 3682 valide
812 3630 839 3683 id
857 3629 986 3694 iaciebat,
1009 3639 1038 3682 nt
1054 3645 1134 3697 saepe

33 3713 157 3766 percussa
180 3699 233 3769 pila
255 3717 271 3753 a
295 3717 414 3770 supremo
439 3699 524 3768 spatio
548 3700 625 3770 longe
647 3701 759 3754 ferretur
778 3699 847 3752 ultra
870 3698 1016 3758 terminum.
1039 3707 1069 3751 ut
1085 3714 1134 3749 nec

34 3767 225 3836 conspiceretur
247 3771 359 3823 omnino.
395 3769 476 3821 Porro
500 3770 613 3822 luctator
633 3777 690 3824 erat
716 3769 786 3838 apud
803 3769 972 3836 Bnlgarorum
997 3769 1087 3820 docem
1104 3767 1133 3818 in

33 3834 1133 3976 liin*illitatililtltllll’..ltzlltllill..illidit

35 3983 102 4029 oeret
118 3991 152 4029 an
170 3975 296 4045 potiorem
313 3985 401 4045 poeset
417 3975 541 4028 invenire.
578 3977 643 4030 Eam
661 3995 715 4031 rem
733 3977 840 4029 moleste
856 3944 958 4028 larebat
981 3970 1131 4040 imperator,

34 4047 75 4098 sed
93 4043 235 4098 molestiam
252 4042 320 4098 illam
337 4044 537 4114 removit‚ipse
554 4045 690 4098 demittens
708 4063 737 4098 se
751 4045 784 4096 ad
802 4045 965 4104 luctandum,
983 4057 1071 4095 verum
1089 4051 1133 4096 ta·

35 4129 85 4166 nes
112 4131 168 4168 cnm
194 4113 302 4166 decente
322 4115 509 4169 occultatione:
533 4123 629 4168 mutato
648 4115 713 4169 enim
731 4111 898 4184 imperatorio
916 4118 1009 4163 ornatu
1026 4110 1052 4162 in
1070 4130 1132 4165 are-

36 4197 85 4234 nam
103 4182 239 4236 descendit
255 4183 380 4237 adversus
397 4186 557 4238 luctatorem.
594 4187 631 4238 dc
647 4185 683 4236 Sc
702 4184 748 4236 tha
764 4182 866 4252 quidem
883 4178 1050 4234 Macedonem
1067 4183 1131 4234 sub-

34 4247 111 4304 linem
134 4251 226 4305 tollere
249 4252 351 4308 minime
376 4254 508 4308 cedentem
535 4252 601 4306 band
624 4255 721 4306 valuit:
747 4266 836 4301 verum
853 4246 903 4306 isit
919 4249 988 4302 illum
1011 4249 1128 4303 manibus

36 4321 142 4376 robustis
162 4321 283 4378 facillime
305 4324 397 4378 tollens
418 4321 505 4378 valide
528 4322 708 4377 circumactum
725 4320 752 4372 in
768 4326 864 4373 ιοιτιιιο
881 4317 987 4382 delicit.
1010 4325 1129 4388 prostra-
