<?xml version="1.0" encoding="UTF-8"?>
<!DOCTYPE html PUBLIC "-//W3C//DTD XHTML 1.0 Transitional//EN"
    "http://www.w3.org/TR/xhtml1/DTD/xhtml1-transitional.dtd">
<html xmlns="http://www.w3.org/1999/xhtml" xml:lang="en" lang="en">
 <head>
  <title>
</title>
<meta http-equiv="Content-Type" content="text/html;charset=utf-8" />
  <meta name='ocr-system' content='tesseract 3.04.00' />
  <meta name='ocr-capabilities' content='ocr_page ocr_carea ocr_par ocr_line ocrx_word'/>
</head>
<body>
  <div class='ocr_page' id='page_1' title='image "./corpusscriptoru51theogoog/corpusscriptoru51theogoog_0275.png"; bbox 0 0 2817 4742; ppageno 0'>
   <div class='ocr_carea' id='block_1_1' title="bbox 389 322 1155 399">
    <p class='ocr_par' dir='ltr' id='par_1_1' title="bbox 389 322 1155 399">
     <span class='ocr_line' id='line_1_1' title="bbox 389 322 1155 399; baseline 0.008 -7"><span class='ocrx_word' id='word_1_1' title='bbox 389 322 685 393; x_wconf 75' lang='lat' dir='ltr'><strong>msuomultuu</strong></span> <span class='ocrx_word' id='word_1_2' title='bbox 708 324 768 394; x_wconf 84' lang='lat' dir='ltr'><strong><em>VI.</em></strong></span> <span class='ocrx_word' id='word_1_3' title='bbox 794 324 829 398; x_wconf 88' lang='lat'><strong><em>1.</em></strong></span> <span class='ocrx_word' id='word_1_4' title='bbox 1083 323 1155 399; x_wconf 77' lang='lat'><strong><em>241</em></strong></span> 
     </span>
    </p>
   </div>
   <div class='ocr_carea' id='block_1_2' title="bbox 31 488 1197 1096">
    <p class='ocr_par' dir='ltr' id='par_1_2' title="bbox 31 488 1197 1096">
     <span class='ocr_line' id='line_1_2' title="bbox 50 488 1165 589; baseline 0.002 -28"><span class='ocrx_word' id='word_1_5' title='bbox 50 496 95 561; x_wconf 84' lang='grc' dir='ltr'><strong><em>τδ</em></strong></span> <span class='ocrx_word' id='word_1_6' title='bbox 112 488 225 578; x_wconf 68' lang='lat' dir='ltr'><strong>antiqq</strong></span> <span class='ocrx_word' id='word_1_7' title='bbox 233 543 243 574; x_wconf 90' lang='lat'><strong>,</strong></span> <span class='ocrx_word' id='word_1_8' title='bbox 268 494 322 561; x_wconf 84' lang='grc' dir='ltr'><strong><em>τόν</em></strong></span> <span class='ocrx_word' id='word_1_9' title='bbox 337 496 372 561; x_wconf 75' lang='grc' dir='ltr'><strong><em>δὲ</em></strong></span> <span class='ocrx_word' id='word_1_10' title='bbox 383 492 597 583; x_wconf 84' lang='grc' dir='ltr'><strong><em>αι’·τσκρότορα</em></strong></span> <span class='ocrx_word' id='word_1_11' title='bbox 613 493 678 581; x_wconf 72' lang='grc' dir='ltr'><strong><em>ἅμα</em></strong></span> <span class='ocrx_word' id='word_1_12' title='bbox 691 501 732 583; x_wconf 80' lang='grc' dir='ltr'><strong><em>τῇ</em></strong></span> <span class='ocrx_word' id='word_1_13' title='bbox 747 496 814 581; x_wconf 79' lang='grc' dir='ltr'><strong><em>πιρί</em></strong></span> <span class='ocrx_word' id='word_1_14' title='bbox 827 491 923 562; x_wconf 74' lang='lat' dir='ltr'><strong>oritis</strong></span> <span class='ocrx_word' id='word_1_15' title='bbox 934 496 1165 589; x_wconf 72' lang='lat' dir='ltr'><strong>umqsouslpqt</strong></span> 
     </span>
     <span class='ocr_line' id='line_1_3' title="bbox 52 593 1197 691; baseline 0.004 -28"><span class='ocrx_word' id='word_1_16' title='bbox 52 593 234 685; x_wconf 75' lang='grc' dir='ltr'><strong><em>παραδόξῳ</em></strong></span> <span class='ocrx_word' id='word_1_17' title='bbox 255 599 391 689; x_wconf 85' lang='grc' dir='ltr'><strong><em>σωτηρίῳ</em></strong></span> <span class='ocrx_word' id='word_1_18' title='bbox 412 599 444 664; x_wconf 79' lang='grc' dir='ltr'><strong><em>ἰν</em></strong></span> <span class='ocrx_word' id='word_1_19' title='bbox 465 606 510 688; x_wconf 81' lang='grc' dir='ltr'><strong><em>τῷ</em></strong></span> <span class='ocrx_word' id='word_1_20' title='bbox 532 602 659 691; x_wconf 86' lang='grc' dir='ltr'><strong><em>Δαονίῳ</em></strong></span> <span class='ocrx_word' id='word_1_21' title='bbox 685 601 898 683; x_wconf 72' lang='grc' dir='ltr'><strong><em>διασωθῆναι,</em></strong></span> <span class='ocrx_word' id='word_1_22' title='bbox 932 598 990 683; x_wconf 76' lang='grc' dir='ltr'><strong><em>τὴν</em></strong></span> <span class='ocrx_word' id='word_1_23' title='bbox 1009 602 1197 685; x_wconf 77' lang='grc' dir='ltr'><strong><em>ναυαγίανΒ</em></strong></span> 
     </span>
     <span class='ocr_line' id='line_1_4' title="bbox 54 698 1158 793; baseline 0.006 -29"><span class='ocrx_word' id='word_1_24' title='bbox 54 701 255 769; x_wconf 72' lang='grc' dir='ltr'><strong><em>ἐκκλίνοντα.</em></strong></span> <span class='ocrx_word' id='word_1_25' title='bbox 307 704 339 767; x_wconf 84' lang='grc' dir='ltr'><strong><em>ἰν</em></strong></span> <span class='ocrx_word' id='word_1_26' title='bbox 361 698 461 791; x_wconf 87' lang='grc' dir='ltr'><strong><em>τοότῳ</em></strong></span> <span class='ocrx_word' id='word_1_27' title='bbox 483 705 563 788; x_wconf 81' lang='grc' dir='ltr'><strong><em>δῆτα</em></strong></span> <span class='ocrx_word' id='word_1_28' title='bbox 588 709 633 791; x_wconf 83' lang='grc' dir='ltr'><strong><em>τῷ</em></strong></span> <span class='ocrx_word' id='word_1_29' title='bbox 659 704 763 793; x_wconf 90' lang='grc' dir='ltr'><strong><em>χωρίῳ</em></strong></span> <span class='ocrx_word' id='word_1_30' title='bbox 787 698 1158 786; x_wconf 79' lang='grc' dir='ltr'><strong><em>καταπαννυχιζόμενοςὸ</em></strong></span> 
     </span>
     <span class='ocr_line' id='line_1_5' title="bbox 56 800 1160 891; baseline 0.005 -24"><span class='ocrx_word' id='word_1_31' title='bbox 56 800 286 890; x_wconf 84' lang='grc' dir='ltr'><strong><em>αὗτοκρότωρ,</em></strong></span> <span class='ocrx_word' id='word_1_32' title='bbox 315 805 347 881; x_wconf 66' lang='lat' dir='ltr'><strong><em>l}</em></strong></span> <span class='ocrx_word' id='word_1_33' title='bbox 374 800 509 872; x_wconf 71' lang='grc' dir='ltr'><strong><em>ἑωθινοῦ</em></strong></span> <span class='ocrx_word' id='word_1_34' title='bbox 532 808 661 891; x_wconf 86' lang='grc' dir='ltr'><strong><em>αἰθρίας</em></strong></span> <span class='ocrx_word' id='word_1_35' title='bbox 683 805 860 891; x_wconf 77' lang='grc' dir='ltr'><strong><em>γενομίνης,</em></strong></span> <span class='ocrx_word' id='word_1_36' title='bbox 891 802 1012 885; x_wconf 80' lang='grc' dir='ltr'><strong><em>όναβδς</em></strong></span> <span class='ocrx_word' id='word_1_37' title='bbox 1033 806 1081 870; x_wconf 77' lang='lat' dir='ltr'><strong><em>lul</em></strong></span> <span class='ocrx_word' id='word_1_38' title='bbox 1104 805 1160 873; x_wconf 81' lang='grc' dir='ltr'><strong><em>τόν</em></strong></span> 
     </span>
     <span class='ocr_line' id='line_1_6' title="bbox 31 905 1161 995; baseline 0 -20"><span class='ocrx_word' id='word_1_39' title='bbox 31 908 222 989; x_wconf 79' lang='grc' dir='ltr'><strong><em>6βασίλειον</em></strong></span> <span class='ocrx_word' id='word_1_40' title='bbox 233 909 328 972; x_wconf 68' lang='lat' dir='ltr'><strong>innox</strong></span> <span class='ocrx_word' id='word_1_41' title='bbox 344 909 374 983; x_wconf 71' lang='grc' dir='ltr'><strong><em>ἐς</em></strong></span> <span class='ocrx_word' id='word_1_42' title='bbox 385 905 568 993; x_wconf 72' lang='grc' dir='ltr'><strong><em>Ἡράκλειον</em></strong></span> <span class='ocrx_word' id='word_1_43' title='bbox 580 912 702 994; x_wconf 78' lang='grc' dir='ltr'><strong><em>γίνεται.</em></strong></span> <span class='ocrx_word' id='word_1_44' title='bbox 744 908 793 974; x_wconf 75' lang='lat' dir='ltr'><strong><em>lul</em></strong></span> <span class='ocrx_word' id='word_1_45' title='bbox 807 907 861 973; x_wconf 84' lang='grc' dir='ltr'><strong><em>τόν</em></strong></span> <span class='ocrx_word' id='word_1_46' title='bbox 875 908 978 972; x_wconf 89' lang='grc' dir='ltr'><strong><em>τοίνυν</em></strong></span> <span class='ocrx_word' id='word_1_47' title='bbox 991 911 1161 995; x_wconf 73' lang='grc' dir='ltr'><strong><em>Γλυκερίας</em></strong></span> 
     </span>
     <span class='ocr_line' id='line_1_7' title="bbox 57 1003 1162 1096; baseline 0.004 -21"><span class='ocrx_word' id='word_1_48' title='bbox 57 1016 119 1093; x_wconf 82' lang='grc' dir='ltr'><strong><em>τῆς</em></strong></span> <span class='ocrx_word' id='word_1_49' title='bbox 135 1006 296 1095; x_wconf 80' lang='grc' dir='ltr'><strong><em>μάρτυρος</em></strong></span> <span class='ocrx_word' id='word_1_50' title='bbox 311 1010 387 1075; x_wconf 81' lang='grc' dir='ltr'><strong><em>νειόν</em></strong></span> <span class='ocrx_word' id='word_1_51' title='bbox 398 1013 621 1096; x_wconf 75' lang='grc' dir='ltr'><strong><em>ἓντεμενίζιται,</em></strong></span> <span class='ocrx_word' id='word_1_52' title='bbox 639 1008 682 1088; x_wconf 80' lang='grc' dir='ltr'><strong><em>ὥς</em></strong></span> <span class='ocrx_word' id='word_1_53' title='bbox 697 1008 807 1078; x_wconf 78' lang='grc' dir='ltr'><strong><em>οἷόντε</em></strong></span> <span class='ocrx_word' id='word_1_54' title='bbox 821 1003 860 1094; x_wconf 79' lang='grc' dir='ltr'><strong><em>ἦν</em></strong></span> <span class='ocrx_word' id='word_1_55' title='bbox 872 1005 1004 1093; x_wconf 79' lang='grc' dir='ltr'><strong><em>τιμήσας</em></strong></span> <span class='ocrx_word' id='word_1_56' title='bbox 1016 1011 1054 1077; x_wconf 83' lang='lat' dir='ltr'><strong><em>sd</em></strong></span> <span class='ocrx_word' id='word_1_57' title='bbox 1071 1012 1162 1095; x_wconf 86' lang='grc' dir='ltr'><strong><em>τίμε-</em></strong></span> 
     </span>
    </p>
   </div>
   <div class='ocr_carea' id='block_1_3' title="bbox 22 1105 1209 3045">
    <p class='ocr_par' dir='ltr' id='par_1_3' title="bbox 22 1105 1209 3045">
     <span class='ocr_line' id='line_1_8' title="bbox 57 1105 1161 1205; baseline 0.004 -29"><span class='ocrx_word' id='word_1_58' title='bbox 57 1137 116 1187; x_wconf 84' lang='grc' dir='ltr'><strong><em>νος</em></strong></span> <span class='ocrx_word' id='word_1_59' title='bbox 125 1108 276 1194; x_wconf 62' lang='grc' dir='ltr'><strong><em>χρό’ματό</em></strong></span> <span class='ocrx_word' id='word_1_60' title='bbox 293 1138 326 1179; x_wconf 91' lang='grc' dir='ltr'><strong><em>τε</em></strong></span> <span class='ocrx_word' id='word_1_61' title='bbox 342 1115 465 1191; x_wconf 83' lang='grc' dir='ltr'><strong><em>ἰπιδοδς</em></strong></span> <span class='ocrx_word' id='word_1_62' title='bbox 478 1114 531 1201; x_wconf 74' lang='grc' dir='ltr'><strong><em>ἐφ’</em></strong></span> <span class='ocrx_word' id='word_1_63' title='bbox 547 1105 573 1205; x_wconf 78' lang='grc' dir='ltr'><em>ᾧ</em></span> <span class='ocrx_word' id='word_1_64' title='bbox 588 1114 627 1180; x_wconf 79' lang='grc' dir='ltr'><strong><em>τό</em></strong></span> <span class='ocrx_word' id='word_1_65' title='bbox 647 1116 720 1199; x_wconf 82' lang='grc' dir='ltr'><strong><em>πυρί</em></strong></span> <span class='ocrx_word' id='word_1_66' title='bbox 733 1109 990 1180; x_wconf 77' lang='grc' dir='ltr'><strong><em>καταπεπτωκότα</em></strong></span> <span class='ocrx_word' id='word_1_67' title='bbox 1006 1120 1064 1179; x_wconf 77' lang='grc' dir='ltr'><strong><em>τοῦ</em></strong></span> <span class='ocrx_word' id='word_1_68' title='bbox 1081 1118 1161 1180; x_wconf 76' lang='grc' dir='ltr'><strong><em>ναοῦ</em></strong></span> 
     </span>
     <span class='ocr_line' id='line_1_9' title="bbox 58 1210 1162 1304; baseline 0.004 -26"><span class='ocrx_word' id='word_1_69' title='bbox 58 1210 122 1287; x_wconf 70' lang='lat' dir='ltr'><strong>sinui</strong></span> <span class='ocrx_word' id='word_1_70' title='bbox 138 1220 204 1278; x_wconf 84' lang='grc' dir='ltr'><strong><em>τῶν</em></strong></span> <span class='ocrx_word' id='word_1_71' title='bbox 215 1211 355 1300; x_wconf 81' lang='grc' dir='ltr'><strong><em>Ἀβόρων</em></strong></span> <span class='ocrx_word' id='word_1_72' title='bbox 368 1216 444 1300; x_wconf 84' lang='grc' dir='ltr'><strong><em>πρός</em></strong></span> <span class='ocrx_word' id='word_1_73' title='bbox 458 1214 603 1304; x_wconf 87' lang='grc' dir='ltr'><strong><em>νειότερον</em></strong></span> <span class='ocrx_word' id='word_1_74' title='bbox 618 1214 730 1294; x_wconf 64' lang='lat' dir='ltr'><strong>adulor</strong></span> <span class='ocrx_word' id='word_1_75' title='bbox 740 1223 943 1301; x_wconf 75' lang='grc' dir='ltr'><strong><em>μεταχωρεῖν,</em></strong></span> <span class='ocrx_word' id='word_1_76' title='bbox 970 1217 1021 1280; x_wconf 90' lang='grc' dir='ltr'><strong><em>καί</em></strong></span> <span class='ocrx_word' id='word_1_77' title='bbox 1034 1214 1090 1293; x_wconf 76' lang='grc' dir='ltr'><strong><em>τὰς</em></strong></span> <span class='ocrx_word' id='word_1_78' title='bbox 1103 1217 1162 1282; x_wconf 78' lang='grc' dir='ltr'><strong><em>δυ·</em></strong></span> 
     </span>
     <span class='ocr_line' id='line_1_10' title="bbox 58 1313 1162 1406; baseline 0.003 -26"><span class='ocrx_word' id='word_1_79' title='bbox 58 1313 171 1398; x_wconf 82' lang='grc' dir='ltr'><strong><em>νόμεις</em></strong></span> <span class='ocrx_word' id='word_1_80' title='bbox 184 1315 313 1395; x_wconf 75' lang='grc' dir='ltr'><strong><em>ἐκτάξας</em></strong></span> <span class='ocrx_word' id='word_1_81' title='bbox 328 1314 481 1406; x_wconf 82' lang='grc' dir='ltr'><strong><em>ιίπιῳοίτα</em></strong></span> <span class='ocrx_word' id='word_1_82' title='bbox 495 1328 551 1387; x_wconf 80' lang='grc' dir='ltr'><strong><em>τοῦ</em></strong></span> <span class='ocrx_word' id='word_1_83' title='bbox 567 1320 685 1396; x_wconf 73' lang='grc' dir='ltr'><strong><em>ἄστεος.</em></strong></span> <span class='ocrx_word' id='word_1_84' title='bbox 737 1316 869 1402; x_wconf 77' lang='grc' dir='ltr'><strong><em>ποιήσας</em></strong></span> <span class='ocrx_word' id='word_1_85' title='bbox 880 1320 982 1384; x_wconf 84' lang='grc' dir='ltr'><strong><em>τοίνυν</em></strong></span> <span class='ocrx_word' id='word_1_86' title='bbox 997 1316 1162 1405; x_wconf 72' lang='grc' dir='ltr'><strong><em>παρασιίγ·</em></strong></span> 
     </span>
     <span class='ocr_line' id='line_1_11' title="bbox 22 1418 1161 1508; baseline 0.008 -29"><span class='ocrx_word' id='word_1_87' title='bbox 22 1425 120 1504; x_wconf 65' lang='lat' dir='ltr'><strong>loyce</strong></span> <span class='ocrx_word' id='word_1_88' title='bbox 141 1418 315 1506; x_wconf 71' lang='grc' dir='ltr'><strong><em>τέσσαρας,</em></strong></span> <span class='ocrx_word' id='word_1_89' title='bbox 340 1419 428 1505; x_wconf 80' lang='grc' dir='ltr'><strong><em>ἡλίου</em></strong></span> <span class='ocrx_word' id='word_1_90' title='bbox 451 1420 622 1500; x_wconf 76' lang='grc' dir='ltr'><strong><em>κεκλικότος</em></strong></span> <span class='ocrx_word' id='word_1_91' title='bbox 640 1419 912 1508; x_wconf 73' lang='grc' dir='ltr'><strong><em>στρατοπεδεύεται</em></strong></span> <span class='ocrx_word' id='word_1_92' title='bbox 938 1423 990 1487; x_wconf 78' lang='lat' dir='ltr'><strong><em>ixl</em></strong></span> <span class='ocrx_word' id='word_1_93' title='bbox 1005 1447 1034 1487; x_wconf 91' lang='grc' dir='ltr'><strong><em>τι</em></strong></span> <span class='ocrx_word' id='word_1_94' title='bbox 1052 1420 1161 1488; x_wconf 79' lang='grc' dir='ltr'><strong><em>όπτιον</em></strong></span> 
     </span>
     <span class='ocr_line' id='line_1_12' title="bbox 60 1522 1199 1616; baseline 0.002 -29"><span class='ocrx_word' id='word_1_95' title='bbox 60 1523 181 1607; x_wconf 89' lang='grc' dir='ltr'><strong><em>χωρίον</em></strong></span> <span class='ocrx_word' id='word_1_96' title='bbox 203 1523 260 1607; x_wconf 77' lang='grc' dir='ltr'><strong><em>τὴν</em></strong></span> <span class='ocrx_word' id='word_1_97' title='bbox 279 1524 384 1606; x_wconf 85' lang='grc' dir='ltr'><strong><em>θίσιν,</em></strong></span> <span class='ocrx_word' id='word_1_98' title='bbox 412 1522 606 1611; x_wconf 78' lang='grc' dir='ltr'><strong><em>πολόανδρόν,</em></strong></span> <span class='ocrx_word' id='word_1_99' title='bbox 624 1550 657 1591; x_wconf 89' lang='grc' dir='ltr'><strong><em>τε</em></strong></span> <span class='ocrx_word' id='word_1_100' title='bbox 677 1527 728 1589; x_wconf 85' lang='grc' dir='ltr'><strong><em>καί</em></strong></span> <span class='ocrx_word' id='word_1_101' title='bbox 746 1524 887 1616; x_wconf 71' lang='grc' dir='ltr'><strong><em>ἀφθονίᾳ</em></strong></span> <span class='ocrx_word' id='word_1_102' title='bbox 898 1531 962 1590; x_wconf 80' lang='grc' dir='ltr'><strong><em>τῶν</em></strong></span> <span class='ocrx_word' id='word_1_103' title='bbox 974 1526 1016 1601; x_wconf 90' lang='grc' dir='ltr'><strong><em>εἰς</em></strong></span> <span class='ocrx_word' id='word_1_104' title='bbox 1030 1526 1199 1598; x_wconf 73' lang='lat' dir='ltr'><strong>lutosae-c</strong></span> 
     </span>
     <span class='ocr_line' id='line_1_13' title="bbox 63 1622 1164 1714; baseline 0.002 -23"><span class='ocrx_word' id='word_1_105' title='bbox 63 1626 148 1706; x_wconf 84' lang='grc' dir='ltr'><strong><em>σμδν</em></strong></span> <span class='ocrx_word' id='word_1_106' title='bbox 163 1624 403 1711; x_wconf 86' lang='grc' dir='ltr'><strong><em>περιρρεόμενον.</em></strong></span> <span class='ocrx_word' id='word_1_107' title='bbox 456 1628 659 1695; x_wconf 62' lang='grc' dir='ltr'><strong><em>καθα-τοῦτον</em></strong></span> <span class='ocrx_word' id='word_1_108' title='bbox 674 1627 713 1711; x_wconf 75' lang='grc' dir='ltr'><strong><em>δι)</em></strong></span> <span class='ocrx_word' id='word_1_109' title='bbox 726 1627 780 1695; x_wconf 85' lang='grc' dir='ltr'><strong><em>τόν</em></strong></span> <span class='ocrx_word' id='word_1_110' title='bbox 789 1634 892 1714; x_wconf 77' lang='grc' dir='ltr'><strong><em>χῶρον</em></strong></span> <span class='ocrx_word' id='word_1_111' title='bbox 905 1624 1024 1711; x_wconf 81' lang='grc' dir='ltr'><strong><em>τόῳρον</em></strong></span> <span class='ocrx_word' id='word_1_112' title='bbox 1037 1622 1054 1691; x_wconf 81' lang='grc' dir='ltr'><em>ὃ</em></span> <span class='ocrx_word' id='word_1_113' title='bbox 1068 1634 1164 1710; x_wconf 69' lang='grc' dir='ltr'><strong><em>βασι·</em></strong></span> 
     </span>
     <span class='ocr_line' id='line_1_14' title="bbox 63 1725 1164 1814; baseline 0.001 -22"><span class='ocrx_word' id='word_1_114' title='bbox 63 1728 137 1805; x_wconf 68' lang='lat' dir='ltr'><strong>loric</strong></span> <span class='ocrx_word' id='word_1_115' title='bbox 152 1726 353 1813; x_wconf 77' lang='grc' dir='ltr'><strong><em>διεγράψατο.</em></strong></span> <span class='ocrx_word' id='word_1_116' title='bbox 404 1734 514 1797; x_wconf 83' lang='grc' dir='ltr'><strong><em>τῶνδέ</em></strong></span> <span class='ocrx_word' id='word_1_117' title='bbox 530 1728 698 1812; x_wconf 83' lang='grc' dir='ltr'><strong><em>περιπόλων</em></strong></span> <span class='ocrx_word' id='word_1_118' title='bbox 715 1737 772 1793; x_wconf 76' lang='grc' dir='ltr'><strong><em>τοῦ</em></strong></span> <span class='ocrx_word' id='word_1_119' title='bbox 787 1725 1017 1814; x_wconf 74' lang='grc' dir='ltr'><strong><em>αὐτοκράτορος</em></strong></span> <span class='ocrx_word' id='word_1_120' title='bbox 1029 1728 1088 1805; x_wconf 71' lang='grc' dir='ltr'><strong><em>τὰς</em></strong></span> <span class='ocrx_word' id='word_1_121' title='bbox 1102 1728 1164 1795; x_wconf 84' lang='grc' dir='ltr'><strong><em>αδ-</em></strong></span> 
     </span>
     <span class='ocr_line' id='line_1_15' title="bbox 64 1827 1161 1920; baseline 0.003 -26"><span class='ocrx_word' id='word_1_122' title='bbox 64 1834 160 1907; x_wconf 79' lang='grc' dir='ltr'><strong><em>λαίας</em></strong></span> <span class='ocrx_word' id='word_1_123' title='bbox 173 1839 213 1917; x_wconf 86' lang='grc' dir='ltr'><strong><em>τῇ</em></strong></span> <span class='ocrx_word' id='word_1_124' title='bbox 224 1839 369 1920; x_wconf 77' lang='grc' dir='ltr'><strong><em>βασιλικῇ</em></strong></span> <span class='ocrx_word' id='word_1_125' title='bbox 384 1831 647 1916; x_wconf 76' lang='grc' dir='ltr'><strong><em>περιβαλλομίνων</em></strong></span> <span class='ocrx_word' id='word_1_126' title='bbox 662 1832 851 1916; x_wconf 80' lang='grc' dir='ltr'><strong><em>δορυφορίας</em></strong></span> <span class='ocrx_word' id='word_1_127' title='bbox 868 1829 946 1917; x_wconf 81' lang='grc' dir='ltr'><strong><em>πρός</em></strong></span> <span class='ocrx_word' id='word_1_128' title='bbox 959 1827 1161 1916; x_wconf 79' lang='grc' dir='ltr'><strong><em>κοσμιότητα,</em></strong></span> 
     </span>
     <span class='ocr_line' id='line_1_16' title="bbox 27 1929 1166 2024; baseline 0.006 -31"><span class='ocrx_word' id='word_1_129' title='bbox 27 1938 58 1993; x_wconf 81' lang='lat'><strong><em>15</em></strong></span> <span class='ocrx_word' id='word_1_130' title='bbox 66 1931 219 2018; x_wconf 72' lang='grc' dir='ltr'><strong><em>ἐκεκράγει</em></strong></span> <span class='ocrx_word' id='word_1_131' title='bbox 232 1931 373 2017; x_wconf 81' lang='grc' dir='ltr'><strong><em>γόναιον,</em></strong></span> <span class='ocrx_word' id='word_1_132' title='bbox 399 1931 420 2024; x_wconf 76' lang='grc' dir='ltr'><em>ἦ</em></span> <span class='ocrx_word' id='word_1_133' title='bbox 435 1936 469 1999; x_wconf 72' lang='grc' dir='ltr'><strong><em>δέ</em></strong></span> <span class='ocrx_word' id='word_1_134' title='bbox 479 1934 540 2017; x_wconf 79' lang='grc' dir='ltr'><strong><em>βοὴ</em></strong></span> <span class='ocrx_word' id='word_1_135' title='bbox 556 1932 650 2017; x_wconf 81' lang='grc' dir='ltr'><strong><em>διήχει</em></strong></span> <span class='ocrx_word' id='word_1_136' title='bbox 667 1935 719 1998; x_wconf 85' lang='grc' dir='ltr'><strong><em>καί</em></strong></span> <span class='ocrx_word' id='word_1_137' title='bbox 734 1933 766 2009; x_wconf 83' lang='grc' dir='ltr'><strong><em>ίς</em></strong></span> <span class='ocrx_word' id='word_1_138' title='bbox 778 1932 816 1999; x_wconf 80' lang='grc' dir='ltr'><strong><em>τό</em></strong></span> <span class='ocrx_word' id='word_1_139' title='bbox 830 1929 1016 2017; x_wconf 87' lang='grc' dir='ltr'><strong><em>πυκνότερον</em></strong></span> <span class='ocrx_word' id='word_1_140' title='bbox 1034 1933 1166 2021; x_wconf 77' lang='grc' dir='ltr'><strong><em>κατιφί·</em></strong></span> 
     </span>
     <span class='ocr_line' id='line_1_17' title="bbox 67 2027 1164 2122; baseline 0.002 -22"><span class='ocrx_word' id='word_1_141' title='bbox 67 2056 159 2121; x_wconf 84' lang='grc' dir='ltr'><strong><em>ριτο·</em></strong></span> <span class='ocrx_word' id='word_1_142' title='bbox 187 2034 293 2113; x_wconf 80' lang='grc' dir='ltr'><strong><em>ὠδῖνες</em></strong></span> <span class='ocrx_word' id='word_1_143' title='bbox 306 2036 365 2121; x_wconf 77' lang='grc' dir='ltr'><strong><em>γὰρ</em></strong></span> <span class='ocrx_word' id='word_1_144' title='bbox 381 2034 577 2122; x_wconf 77' lang='grc' dir='ltr'><strong><em>πορελόποσν</em></strong></span> <span class='ocrx_word' id='word_1_145' title='bbox 589 2036 626 2102; x_wconf 81' lang='grc' dir='ltr'><strong><em>τό</em></strong></span> <span class='ocrx_word' id='word_1_146' title='bbox 639 2032 774 2121; x_wconf 79' lang='grc' dir='ltr'><strong><em>γόναιον.</em></strong></span> <span class='ocrx_word' id='word_1_147' title='bbox 811 2041 875 2101; x_wconf 82' lang='grc' dir='ltr'><strong><em>τῶν</em></strong></span> <span class='ocrx_word' id='word_1_148' title='bbox 889 2036 946 2119; x_wconf 70' lang='grc' dir='ltr'><strong><em>μὲν</em></strong></span> <span class='ocrx_word' id='word_1_149' title='bbox 956 2027 1013 2101; x_wconf 79' lang='grc' dir='ltr'><strong><em>σόν</em></strong></span> <span class='ocrx_word' id='word_1_150' title='bbox 1027 2039 1095 2122; x_wconf 73' lang='grc' dir='ltr'><strong><em>περὶ</em></strong></span> <span class='ocrx_word' id='word_1_151' title='bbox 1108 2034 1164 2102; x_wconf 84' lang='grc' dir='ltr'><strong><em>τόν</em></strong></span> 
     </span>
     <span class='ocr_line' id='line_1_18' title="bbox 69 2134 1166 2230; baseline 0.003 -28"><span class='ocrx_word' id='word_1_152' title='bbox 69 2135 286 2225; x_wconf 74' lang='grc' dir='ltr'><strong><em>αὐτοκράτορά</em></strong></span> <span class='ocrx_word' id='word_1_153' title='bbox 295 2164 347 2217; x_wconf 86' lang='grc' dir='ltr'><strong><em>τις</em></strong></span> <span class='ocrx_word' id='word_1_154' title='bbox 359 2135 556 2221; x_wconf 72' lang='grc' dir='ltr'><strong><em>όπασπιστὴς</em></strong></span> <span class='ocrx_word' id='word_1_155' title='bbox 567 2134 722 2221; x_wconf 77' lang='grc' dir='ltr'><strong><em>ἰξεχιόρει,</em></strong></span> <span class='ocrx_word' id='word_1_156' title='bbox 734 2225 738 2230; x_wconf 12' lang='lat' dir='ltr'><strong>q</strong></span> <span class='ocrx_word' id='word_1_157' title='bbox 751 2134 903 2203; x_wconf 81' lang='grc' dir='ltr'><strong><em>κωλόσων</em></strong></span> <span class='ocrx_word' id='word_1_158' title='bbox 914 2142 971 2220; x_wconf 80' lang='grc' dir='ltr'><strong><em>τῆς</em></strong></span> <span class='ocrx_word' id='word_1_159' title='bbox 987 2139 1166 2226; x_wconf 76' lang='grc' dir='ltr'><strong><em>δυσῳωνίας</em></strong></span> 
     </span>
     <span class='ocr_line' id='line_1_19' title="bbox 67 2236 1165 2327; baseline 0.003 -24"><span class='ocrx_word' id='word_1_160' title='bbox 67 2240 125 2322; x_wconf 79' lang='grc' dir='ltr'><strong><em>τὴν</em></strong></span> <span class='ocrx_word' id='word_1_161' title='bbox 146 2240 326 2325; x_wconf 75' lang='grc' dir='ltr'><strong><em>ἄνθρωπον.</em></strong></span> <span class='ocrx_word' id='word_1_162' title='bbox 378 2244 440 2305; x_wconf 80' lang='grc' dir='ltr'><strong><em>ἰπεί</em></strong></span> <span class='ocrx_word' id='word_1_163' title='bbox 455 2243 490 2305; x_wconf 75' lang='grc' dir='ltr'><strong><em>δὲ</em></strong></span> <span class='ocrx_word' id='word_1_164' title='bbox 504 2242 536 2314; x_wconf 86' lang='grc' dir='ltr'><strong><em>ἰν</em></strong></span> <span class='ocrx_word' id='word_1_165' title='bbox 550 2245 594 2327; x_wconf 77' lang='grc' dir='ltr'><strong><em>τῷ</em></strong></span> <span class='ocrx_word' id='word_1_166' title='bbox 608 2242 732 2327; x_wconf 90' lang='grc' dir='ltr'><strong><em>οἰκίσκῳ</em></strong></span> <span class='ocrx_word' id='word_1_167' title='bbox 747 2239 875 2323; x_wconf 68' lang='grc' dir='ltr'><strong><em>ἐγίγνετο</em></strong></span> <span class='ocrx_word' id='word_1_168' title='bbox 892 2236 998 2322; x_wconf 76' lang='grc' dir='ltr'><strong><em>τόντε</em></strong></span> <span class='ocrx_word' id='word_1_169' title='bbox 1015 2248 1071 2323; x_wconf 78' lang='grc' dir='ltr'><strong><em>τῆς</em></strong></span> <span class='ocrx_word' id='word_1_170' title='bbox 1084 2245 1165 2325; x_wconf 76' lang='grc' dir='ltr'><strong><em>βοῆς</em></strong></span> 
     </span>
     <span class='ocr_line' id='line_1_20' title="bbox 69 2336 1209 2427; baseline 0.006 -24"><span class='ocrx_word' id='word_1_171' title='bbox 69 2344 172 2406; x_wconf 79' lang='grc' dir='ltr'><strong><em>αἰτίαν</em></strong></span> <span class='ocrx_word' id='word_1_172' title='bbox 187 2338 424 2423; x_wconf 78' lang='grc' dir='ltr'><strong><em>διεπυνθάνετο,</em></strong></span> <span class='ocrx_word' id='word_1_173' title='bbox 447 2343 538 2408; x_wconf 87' lang='grc' dir='ltr'><strong><em>τίκτει</em></strong></span> <span class='ocrx_word' id='word_1_174' title='bbox 553 2342 589 2407; x_wconf 86' lang='grc' dir='ltr'><strong><em>τό</em></strong></span> <span class='ocrx_word' id='word_1_175' title='bbox 604 2336 741 2427; x_wconf 74' lang='grc' dir='ltr'><strong><em>γόναιον.</em></strong></span> <span class='ocrx_word' id='word_1_176' title='bbox 772 2337 789 2406; x_wconf 83' lang='grc' dir='ltr'><strong>ὅ</strong></span> <span class='ocrx_word' id='word_1_177' title='bbox 806 2342 840 2406; x_wconf 75' lang='grc' dir='ltr'><strong><em>δι’</em></strong></span> <span class='ocrx_word' id='word_1_178' title='bbox 854 2336 944 2418; x_wconf 82' lang='grc' dir='ltr'><strong><em>τόκος</em></strong></span> <span class='ocrx_word' id='word_1_179' title='bbox 956 2342 1164 2426; x_wconf 75' lang='grc' dir='ltr'><strong><em>πλημμίλημα</em></strong></span> <span class='ocrx_word' id='word_1_180' title='bbox 1181 2350 1209 2410; x_wconf 82' lang='lat' dir='ltr'><strong>n</strong></span> 
     </span>
     <span class='ocr_line' id='line_1_21' title="bbox 33 2436 1167 2537; baseline 0.006 -33"><span class='ocrx_word' id='word_1_181' title='bbox 33 2441 192 2528; x_wconf 70' lang='grc' dir='ltr'><strong><em>ἰοῳόσεως</em></strong></span> <span class='ocrx_word' id='word_1_182' title='bbox 205 2442 367 2528; x_wconf 75' lang='grc' dir='ltr'><strong><em>ἒτόγχανεν</em></strong></span> <span class='ocrx_word' id='word_1_183' title='bbox 380 2443 424 2512; x_wconf 82' lang='grc' dir='ltr'><strong><em>όν.</em></strong></span> <span class='ocrx_word' id='word_1_184' title='bbox 477 2446 600 2511; x_wconf 87' lang='grc' dir='ltr'><strong><em>παιδίον</em></strong></span> <span class='ocrx_word' id='word_1_185' title='bbox 614 2444 674 2530; x_wconf 74' lang='grc' dir='ltr'><strong><em>γὰρ</em></strong></span> <span class='ocrx_word' id='word_1_186' title='bbox 688 2436 728 2530; x_wconf 81' lang='grc' dir='ltr'><strong><em>ἦν</em></strong></span> <span class='ocrx_word' id='word_1_187' title='bbox 743 2442 920 2531; x_wconf 76' lang='grc' dir='ltr'><strong><em>ὀφθαλμῶν</em></strong></span> <span class='ocrx_word' id='word_1_188' title='bbox 932 2468 966 2510; x_wconf 87' lang='grc' dir='ltr'><strong><em>τε</em></strong></span> <span class='ocrx_word' id='word_1_189' title='bbox 977 2446 1028 2510; x_wconf 84' lang='grc' dir='ltr'><strong><em>καί</em></strong></span> <span class='ocrx_word' id='word_1_190' title='bbox 1045 2450 1167 2537; x_wconf 74' lang='grc' dir='ltr'><strong><em>βλεφα-</em></strong></span> 
     </span>
     <span class='ocr_line' id='line_1_22' title="bbox 72 2542 1169 2636; baseline 0.004 -27"><span class='ocrx_word' id='word_1_191' title='bbox 72 2548 165 2632; x_wconf 89' lang='grc' dir='ltr'><strong><em>ρίδων</em></strong></span> <span class='ocrx_word' id='word_1_192' title='bbox 177 2549 228 2613; x_wconf 83' lang='grc' dir='ltr'><strong><em>καί</em></strong></span> <span class='ocrx_word' id='word_1_193' title='bbox 245 2545 370 2633; x_wconf 84' lang='grc' dir='ltr'><strong><em>όῳρόων</em></strong></span> <span class='ocrx_word' id='word_1_194' title='bbox 385 2547 534 2631; x_wconf 83' lang='grc' dir='ltr'><strong><em>όμίτοχον</em></strong></span> <span class='ocrx_word' id='word_1_195' title='bbox 542 2596 554 2629; x_wconf 87' lang='grc'><strong><em>,</em></strong></span> <span class='ocrx_word' id='word_1_196' title='bbox 578 2554 688 2632; x_wconf 74' lang='grc' dir='ltr'><strong><em>χειρῶν</em></strong></span> <span class='ocrx_word' id='word_1_197' title='bbox 702 2572 735 2612; x_wconf 95' lang='grc' dir='ltr'><strong><em>τε</em></strong></span> <span class='ocrx_word' id='word_1_198' title='bbox 748 2549 798 2611; x_wconf 81' lang='grc' dir='ltr'><strong><em>καί</em></strong></span> <span class='ocrx_word' id='word_1_199' title='bbox 811 2543 984 2632; x_wconf 87' lang='grc' dir='ltr'><strong><em>βραχιόνων</em></strong></span> <span class='ocrx_word' id='word_1_200' title='bbox 1004 2542 1169 2636; x_wconf 78' lang='grc' dir='ltr'><strong><em>ἀλλότριόν</em></strong></span> 
     </span>
     <span class='ocr_line' id='line_1_23' title="bbox 71 2643 1168 2740; baseline 0.003 -27"><span class='ocrx_word' id='word_1_201' title='bbox 71 2674 103 2714; x_wconf 86' lang='grc' dir='ltr'><strong><em>τε</em></strong></span> <span class='ocrx_word' id='word_1_202' title='bbox 118 2652 170 2715; x_wconf 85' lang='grc' dir='ltr'><strong><em>καί</em></strong></span> <span class='ocrx_word' id='word_1_203' title='bbox 186 2647 418 2731; x_wconf 80' lang='grc' dir='ltr'><strong><em>ἀδιατόπωτον·</em></strong></span> <span class='ocrx_word' id='word_1_204' title='bbox 444 2648 571 2736; x_wconf 70' lang='lat' dir='ltr'><strong>apicula*</strong></span> <span class='ocrx_word' id='word_1_205' title='bbox 588 2657 632 2740; x_wconf 76' lang='grc' dir='ltr'><strong><em>τῷ</em></strong></span> <span class='ocrx_word' id='word_1_206' title='bbox 649 2651 738 2738; x_wconf 89' lang='grc' dir='ltr'><strong><em>ἰσχίῳ</em></strong></span> <span class='ocrx_word' id='word_1_207' title='bbox 754 2647 865 2732; x_wconf 84' lang='grc' dir='ltr'><strong><em>ἰχθόσς</em></strong></span> <span class='ocrx_word' id='word_1_208' title='bbox 886 2649 971 2738; x_wconf 72' lang='grc' dir='ltr'><strong><em>αὐτῷ</em></strong></span> <span class='ocrx_word' id='word_1_209' title='bbox 987 2648 1114 2735; x_wconf 79' lang='grc' dir='ltr'><strong><em>οόραιον</em></strong></span> <span class='ocrx_word' id='word_1_210' title='bbox 1127 2643 1168 2735; x_wconf 76' lang='grc' dir='ltr'><strong><em>ἦν</em></strong></span> 
     </span>
     <span class='ocr_line' id='line_1_24' title="bbox 73 2749 1168 2839; baseline 0.002 -23"><span class='ocrx_word' id='word_1_211' title='bbox 73 2754 239 2837; x_wconf 69' lang='grc' dir='ltr'><strong><em>προσφυὲς.</em></strong></span> <span class='ocrx_word' id='word_1_212' title='bbox 275 2752 355 2839; x_wconf 79' lang='grc' dir='ltr'><strong><em>ἀτὰρ</em></strong></span> <span class='ocrx_word' id='word_1_213' title='bbox 370 2750 483 2819; x_wconf 88' lang='grc' dir='ltr'><strong><em>τοότου</em></strong></span> <span class='ocrx_word' id='word_1_214' title='bbox 498 2757 577 2837; x_wconf 80' lang='grc' dir='ltr'><strong><em>δῆτα</em></strong></span> <span class='ocrx_word' id='word_1_215' title='bbox 591 2760 647 2818; x_wconf 82' lang='grc' dir='ltr'><strong><em>τοῦ</em></strong></span> <span class='ocrx_word' id='word_1_216' title='bbox 662 2749 823 2835; x_wconf 74' lang='grc' dir='ltr'><strong><em>θεάματος</em></strong></span> <span class='ocrx_word' id='word_1_217' title='bbox 837 2749 854 2817; x_wconf 87' lang='grc' dir='ltr'><strong><em>ό</em></strong></span> <span class='ocrx_word' id='word_1_218' title='bbox 871 2750 1066 2836; x_wconf 74' lang='grc' dir='ltr'><strong><em>όπασπιστιὶς</em></strong></span> <span class='ocrx_word' id='word_1_219' title='bbox 1080 2753 1168 2818; x_wconf 66' lang='grc' dir='ltr'><strong><em>ἱστοιιΙ</em></strong></span> 
     </span>
     <span class='ocr_line' id='line_1_25' title="bbox 74 2851 1168 2940; baseline 0.003 -22"><span class='ocrx_word' id='word_1_220' title='bbox 74 2851 171 2937; x_wconf 76' lang='grc' dir='ltr'><strong><em>ρῆσας</em></strong></span> <span class='ocrx_word' id='word_1_221' title='bbox 193 2854 248 2919; x_wconf 83' lang='grc' dir='ltr'><strong><em>τόν</em></strong></span> <span class='ocrx_word' id='word_1_222' title='bbox 266 2854 382 2938; x_wconf 85' lang='grc' dir='ltr'><strong><em>τρόπον</em></strong></span> <span class='ocrx_word' id='word_1_223' title='bbox 395 2854 436 2931; x_wconf 73' lang='lat' dir='ltr'><strong><em>nic</em></strong></span> <span class='ocrx_word' id='word_1_224' title='bbox 451 2856 505 2921; x_wconf 87' lang='grc' dir='ltr'><strong><em>τόν</em></strong></span> <span class='ocrx_word' id='word_1_225' title='bbox 523 2857 653 2938; x_wconf 80' lang='grc' dir='ltr'><strong><em>βιισιλία</em></strong></span> <span class='ocrx_word' id='word_1_226' title='bbox 667 2852 722 2921; x_wconf 89' lang='grc' dir='ltr'><strong><em>τόν</em></strong></span> <span class='ocrx_word' id='word_1_227' title='bbox 735 2881 769 2920; x_wconf 89' lang='grc' dir='ltr'><strong><em>τε</em></strong></span> <span class='ocrx_word' id='word_1_228' title='bbox 783 2855 900 2940; x_wconf 86' lang='grc' dir='ltr'><strong><em>πατίρα</em></strong></span> <span class='ocrx_word' id='word_1_229' title='bbox 912 2856 962 2919; x_wconf 80' lang='grc' dir='ltr'><strong><em>καὶ</em></strong></span> <span class='ocrx_word' id='word_1_230' title='bbox 977 2855 1033 2939; x_wconf 81' lang='grc' dir='ltr'><strong><em>τὴν</em></strong></span> <span class='ocrx_word' id='word_1_231' title='bbox 1047 2854 1168 2939; x_wconf 82' lang='grc' dir='ltr'><strong><em>μητίρα</em></strong></span> 
     </span>
     <span class='ocr_line' id='line_1_26' title="bbox 40 2952 1167 3045; baseline 0.003 -24"><span class='ocrx_word' id='word_1_232' title='bbox 40 2960 69 3014; x_wconf 74' lang='lat'><strong><em>25</em></strong></span> <span class='ocrx_word' id='word_1_233' title='bbox 76 2960 123 3022; x_wconf 86' lang='grc' dir='ltr'><strong><em>καί</em></strong></span> <span class='ocrx_word' id='word_1_234' title='bbox 137 2955 173 3024; x_wconf 87' lang='grc' dir='ltr'><strong><em>τδ</em></strong></span> <span class='ocrx_word' id='word_1_235' title='bbox 191 2958 314 3023; x_wconf 86' lang='grc' dir='ltr'><strong><em>παιδίον</em></strong></span> <span class='ocrx_word' id='word_1_236' title='bbox 326 2961 534 3025; x_wconf 80' lang='grc' dir='ltr'><strong><em>καθείλκυσεν.</em></strong></span> <span class='ocrx_word' id='word_1_237' title='bbox 585 2956 602 3026; x_wconf 84' lang='grc' dir='ltr'>ὅ</span> <span class='ocrx_word' id='word_1_238' title='bbox 616 2960 674 3043; x_wconf 73' lang='grc' dir='ltr'><strong><em>μὲν</em></strong></span> <span class='ocrx_word' id='word_1_239' title='bbox 688 2952 745 3025; x_wconf 81' lang='grc' dir='ltr'><strong><em>σόν</em></strong></span> <span class='ocrx_word' id='word_1_240' title='bbox 758 2954 958 3045; x_wconf 84' lang='grc' dir='ltr'><strong><em>αότοκρότωρ</em></strong></span> <span class='ocrx_word' id='word_1_241' title='bbox 972 2959 1004 3035; x_wconf 73' lang='grc' dir='ltr'><strong><em>ἐς</em></strong></span> <span class='ocrx_word' id='word_1_242' title='bbox 1016 2956 1096 3024; x_wconf 87' lang='grc' dir='ltr'><strong><em>θίαν</em></strong></span> <span class='ocrx_word' id='word_1_243' title='bbox 1109 2962 1167 3024; x_wconf 75' lang='grc' dir='ltr'><strong><em>τοῦ</em></strong></span> 
     </span>
    </p>
   </div>
   <div class='ocr_carea' id='block_1_4' title="bbox 77 3185 1210 4361">
    <p class='ocr_par' dir='ltr' id='par_1_4' title="bbox 77 3185 1210 4361">
     <span class='ocr_line' id='line_1_27' title="bbox 77 3185 1167 3259; baseline 0.002 -18"><span class='ocrx_word' id='word_1_244' title='bbox 77 3188 269 3257; x_wconf 77' lang='lat' dir='ltr'><strong>permitterent,</strong></span> <span class='ocrx_word' id='word_1_245' title='bbox 285 3188 425 3258; x_wconf 84' lang='lat' dir='ltr'><strong>imperator</strong></span> <span class='ocrx_word' id='word_1_246' title='bbox 442 3195 526 3243; x_wconf 75' lang='lat' dir='ltr'><strong>auten</strong></span> <span class='ocrx_word' id='word_1_247' title='bbox 544 3206 600 3243; x_wconf 88' lang='lat' dir='ltr'><strong>cum</strong></span> <span class='ocrx_word' id='word_1_248' title='bbox 617 3206 664 3243; x_wconf 88' lang='lat' dir='ltr'><strong>sua</strong></span> <span class='ocrx_word' id='word_1_249' title='bbox 679 3188 868 3259; x_wconf 70' lang='lat' dir='ltr'><strong>quinquaginta</strong></span> <span class='ocrx_word' id='word_1_250' title='bbox 884 3204 1009 3243; x_wconf 85' lang='lat' dir='ltr'><strong>remorum</strong></span> <span class='ocrx_word' id='word_1_251' title='bbox 1025 3185 1085 3240; x_wconf 82' lang='lat' dir='ltr'><strong>nasi</strong></span> <span class='ocrx_word' id='word_1_252' title='bbox 1102 3202 1167 3243; x_wconf 82' lang='lat' dir='ltr'><strong>nau·</strong></span> 
     </span>
     <span class='ocr_line' id='line_1_28' title="bbox 77 3256 1166 3329; baseline 0.006 -22"><span class='ocrx_word' id='word_1_253' title='bbox 77 3258 159 3326; x_wconf 80' lang='lat' dir='ltr'><strong>lrngio</strong></span> <span class='ocrx_word' id='word_1_254' title='bbox 177 3260 280 3328; x_wconf 89' lang='lat' dir='ltr'><strong>elapsus</strong></span> <span class='ocrx_word' id='word_1_255' title='bbox 299 3259 472 3329; x_wconf 87' lang='lat' dir='ltr'><strong>Docninmquc</strong></span> <span class='ocrx_word' id='word_1_256' title='bbox 489 3259 620 3329; x_wconf 86' lang='lat' dir='ltr'><strong>proiectus</strong></span> <span class='ocrx_word' id='word_1_257' title='bbox 637 3267 743 3327; x_wconf 84' lang='lat' dir='ltr'><strong>praeter</strong></span> <span class='ocrx_word' id='word_1_258' title='bbox 758 3259 903 3328; x_wconf 82' lang='lat' dir='ltr'><strong>opinionem</strong></span> <span class='ocrx_word' id='word_1_259' title='bbox 920 3260 1050 3311; x_wconf 78' lang='lat' dir='ltr'><strong>erederet.</strong></span> <span class='ocrx_word' id='word_1_260' title='bbox 1070 3256 1166 3313; x_wconf 75' lang='lat' dir='ltr'><strong>ibidem</strong></span> 
     </span>
     <span class='ocr_line' id='line_1_29' title="bbox 78 3326 1167 3396; baseline 0.004 -21"><span class='ocrx_word' id='word_1_261' title='bbox 78 3333 208 3379; x_wconf 80' lang='lat' dir='ltr'><strong>transacta</strong></span> <span class='ocrx_word' id='word_1_262' title='bbox 231 3334 321 3389; x_wconf 88' lang='lat' dir='ltr'><strong>nocte,</strong></span> <span class='ocrx_word' id='word_1_263' title='bbox 345 3328 405 3395; x_wconf 86' lang='lat' dir='ltr'><strong>quia</strong></span> <span class='ocrx_word' id='word_1_264' title='bbox 429 3329 518 3380; x_wconf 89' lang='lat' dir='ltr'><strong>sudum</strong></span> <span class='ocrx_word' id='word_1_265' title='bbox 542 3338 616 3392; x_wconf 84' lang='lat' dir='ltr'><strong>erut,</strong></span> <span class='ocrx_word' id='word_1_266' title='bbox 642 3328 669 3380; x_wconf 90' lang='lat' dir='ltr'><strong><em>in</em></strong></span> <span class='ocrx_word' id='word_1_267' title='bbox 686 3346 755 3396; x_wconf 86' lang='lat' dir='ltr'><strong>equo</strong></span> <span class='ocrx_word' id='word_1_268' title='bbox 772 3328 897 3396; x_wconf 87' lang='lat' dir='ltr'><strong>imperiali</strong></span> <span class='ocrx_word' id='word_1_269' title='bbox 916 3326 1065 3378; x_wconf 83' lang='lat' dir='ltr'><strong>llereclcam</strong></span> <span class='ocrx_word' id='word_1_270' title='bbox 1083 3326 1167 3391; x_wconf 72' lang='lat' dir='ltr'><strong>inivit,</strong></span> 
     </span>
     <span class='ocr_line' id='line_1_30' title="bbox 79 3394 1167 3465; baseline 0.004 -21"><span class='ocrx_word' id='word_1_271' title='bbox 79 3394 267 3463; x_wconf 81' lang='lat' dir='ltr'><strong>Glyceriaeque</strong></span> <span class='ocrx_word' id='word_1_272' title='bbox 284 3397 403 3465; x_wconf 78' lang='lat' dir='ltr'><strong>martyris</strong></span> <span class='ocrx_word' id='word_1_273' title='bbox 420 3397 538 3464; x_wconf 83' lang='lat' dir='ltr'><strong>templum</strong></span> <span class='ocrx_word' id='word_1_274' title='bbox 555 3397 685 3465; x_wconf 73' lang='lat' dir='ltr'><strong>ingrasnus</strong></span> <span class='ocrx_word' id='word_1_275' title='bbox 702 3404 731 3449; x_wconf 86' lang='lat' dir='ltr'><strong><em>et</em></strong></span> <span class='ocrx_word' id='word_1_276' title='bbox 746 3413 821 3465; x_wconf 82' lang='lat' dir='ltr'><strong>quem</strong></span> <span class='ocrx_word' id='word_1_277' title='bbox 838 3394 945 3447; x_wconf 79' lang='lat' dir='ltr'><strong>maxime</strong></span> <span class='ocrx_word' id='word_1_278' title='bbox 955 3400 1102 3458; x_wconf 82' lang='lat' dir='ltr'><strong>veneratus,</strong></span> <span class='ocrx_word' id='word_1_279' title='bbox 1119 3413 1167 3465; x_wconf 91' lang='lat' dir='ltr'><strong><em>pe·</em></strong></span> 
     </span>
     <span class='ocr_line' id='line_1_31' title="bbox 78 3460 1167 3533; baseline 0.004 -21"><span class='ocrx_word' id='word_1_280' title='bbox 78 3460 185 3515; x_wconf 74' lang='lat' dir='ltr'><strong>cuniam&#39;</strong></span> <span class='ocrx_word' id='word_1_281' title='bbox 200 3464 234 3517; x_wconf 78' lang='lat' dir='ltr'><strong><em>acl</em></strong></span> <span class='ocrx_word' id='word_1_282' title='bbox 258 3465 344 3533; x_wconf 81' lang='lat' dir='ltr'><strong>partes</strong></span> <span class='ocrx_word' id='word_1_283' title='bbox 368 3466 423 3516; x_wconf 89' lang='lat' dir='ltr'><strong>eius</strong></span> <span class='ocrx_word' id='word_1_284' title='bbox 445 3464 517 3516; x_wconf 82' lang='lat' dir='ltr'><strong>illato</strong></span> <span class='ocrx_word' id='word_1_285' title='bbox 537 3482 583 3533; x_wconf 87' lang='lat' dir='ltr'><strong><em>per</em></strong></span> <span class='ocrx_word' id='word_1_286' title='bbox 600 3468 699 3517; x_wconf 76' lang='lat' dir='ltr'><strong>Abatos</strong></span> <span class='ocrx_word' id='word_1_287' title='bbox 715 3464 833 3517; x_wconf 78' lang='lat' dir='ltr'><strong>inccrudio</strong></span> <span class='ocrx_word' id='word_1_288' title='bbox 851 3471 966 3515; x_wconf 86' lang='lat' dir='ltr'><strong>vastatas</strong></span> <span class='ocrx_word' id='word_1_289' title='bbox 983 3479 1015 3515; x_wconf 83' lang='lat' dir='ltr'><strong><em>ec</em></strong></span> <span class='ocrx_word' id='word_1_290' title='bbox 1032 3464 1167 3533; x_wconf 79' lang='lat' dir='ltr'><strong>prolapsas</strong></span> 
     </span>
     <span class='ocr_line' id='line_1_32' title="bbox 78 3530 1210 3602; baseline 0.002 -19"><span class='ocrx_word' id='word_1_291' title='bbox 78 3531 166 3584; x_wconf 82' lang='lat' dir='ltr'><strong>iterum</strong></span> <span class='ocrx_word' id='word_1_292' title='bbox 185 3533 336 3585; x_wconf 82' lang='lat' dir='ltr'><strong>excitandas</strong></span> <span class='ocrx_word' id='word_1_293' title='bbox 360 3534 571 3602; x_wconf 86' lang='lat' dir='ltr'><strong>exornandasque</strong></span> <span class='ocrx_word' id='word_1_294' title='bbox 588 3534 715 3600; x_wconf 74' lang='lat' dir='ltr'><strong>erogauit.</strong></span> <span class='ocrx_word' id='word_1_295' title='bbox 748 3532 840 3585; x_wconf 82' lang='lat' dir='ltr'><strong>deinde</strong></span> <span class='ocrx_word' id='word_1_296' title='bbox 858 3532 962 3599; x_wconf 74' lang='lat' dir='ltr'><strong>agmine</strong></span> <span class='ocrx_word' id='word_1_297' title='bbox 977 3532 1096 3583; x_wconf 86' lang='lat' dir='ltr'><strong>ordinato</strong></span> <span class='ocrx_word' id='word_1_298' title='bbox 1113 3530 1167 3584; x_wconf 82' lang='lat' dir='ltr'><strong>dis-</strong></span> <span class='ocrx_word' id='word_1_299' title='bbox 1207 3579 1210 3585; x_wconf 91' lang='lat'>.</span> 
     </span>
     <span class='ocr_line' id='line_1_33' title="bbox 80 3599 1167 3673; baseline -0.002 -22"><span class='ocrx_word' id='word_1_300' title='bbox 80 3600 186 3664; x_wconf 87' lang='lat' dir='ltr'><strong>cedens,</strong></span> <span class='ocrx_word' id='word_1_301' title='bbox 209 3604 334 3655; x_wconf 87' lang='lat' dir='ltr'><strong>conlectis</strong></span> <span class='ocrx_word' id='word_1_302' title='bbox 351 3609 457 3673; x_wconf 78' lang='lat' dir='ltr'><strong>quantuor</strong></span> <span class='ocrx_word' id='word_1_303' title='bbox 475 3603 655 3671; x_wconf 80' lang='lat' dir='ltr'><strong>parasangis,</strong></span> <span class='ocrx_word' id='word_1_304' title='bbox 672 3603 725 3653; x_wconf 91' lang='lat' dir='ltr'><strong>sole</strong></span> <span class='ocrx_word' id='word_1_305' title='bbox 741 3601 791 3653; x_wconf 84' lang='lat' dir='ltr'><strong><em>inm</em></strong></span> <span class='ocrx_word' id='word_1_306' title='bbox 806 3600 853 3652; x_wconf 85' lang='lat' dir='ltr'><strong>sub</strong></span> <span class='ocrx_word' id='word_1_307' title='bbox 872 3610 958 3653; x_wconf 81' lang='lat' dir='ltr'><strong>terras</strong></span> <span class='ocrx_word' id='word_1_308' title='bbox 974 3600 1045 3669; x_wconf 86' lang='lat' dir='ltr'><strong>lepso</strong></span> <span class='ocrx_word' id='word_1_309' title='bbox 1063 3599 1097 3652; x_wconf 85' lang='lat' dir='ltr'><strong><em>ed</em></strong></span> <span class='ocrx_word' id='word_1_310' title='bbox 1117 3617 1167 3669; x_wconf 81' lang='lat' dir='ltr'><strong><em>op·</em></strong></span> 
     </span>
     <span class='ocr_line' id='line_1_34' title="bbox 80 3668 1167 3740; baseline 0.001 -20"><span class='ocrx_word' id='word_1_311' title='bbox 80 3670 160 3735; x_wconf 83' lang='lat' dir='ltr'><strong>pidum</strong></span> <span class='ocrx_word' id='word_1_312' title='bbox 179 3671 207 3719; x_wconf 94' lang='lat' dir='ltr'><strong><em>in</em></strong></span> <span class='ocrx_word' id='word_1_313' title='bbox 225 3670 293 3723; x_wconf 89' lang='lat' dir='ltr'><strong>clivo</strong></span> <span class='ocrx_word' id='word_1_314' title='bbox 310 3672 402 3736; x_wconf 88' lang='lat' dir='ltr'><strong>situm,</strong></span> <span class='ocrx_word' id='word_1_315' title='bbox 425 3671 546 3740; x_wconf 80' lang='lat' dir='ltr'>frequens</span> <span class='ocrx_word' id='word_1_316' title='bbox 565 3681 592 3722; x_wconf 93' lang='lat' dir='ltr'><strong><em>et</em></strong></span> <span class='ocrx_word' id='word_1_317' title='bbox 615 3686 699 3721; x_wconf 87' lang='lat' dir='ltr'><strong>rerum</strong></span> <span class='ocrx_word' id='word_1_318' title='bbox 717 3670 750 3720; x_wconf 88' lang='lat' dir='ltr'><strong><em>ad</em></strong></span> <span class='ocrx_word' id='word_1_319' title='bbox 768 3669 862 3727; x_wconf 77' lang='lat' dir='ltr'><strong>victum</strong></span> <span class='ocrx_word' id='word_1_320' title='bbox 885 3669 1066 3737; x_wconf 70' lang='lat' dir='ltr'><strong><em>requisiturum</em></strong></span> <span class='ocrx_word' id='word_1_321' title='bbox 1084 3668 1167 3737; x_wconf 84' lang='lat' dir='ltr'><strong>copiis</strong></span> 
     </span>
     <span class='ocr_line' id='line_1_35' title="bbox 81 3738 1167 3809; baseline 0.002 -22"><span class='ocrx_word' id='word_1_322' title='bbox 81 3739 222 3800; x_wconf 82' lang='lat' dir='ltr'><strong>abundans,</strong></span> <span class='ocrx_word' id='word_1_323' title='bbox 246 3742 383 3806; x_wconf 83' lang='lat' dir='ltr'><strong>pervenit,</strong></span> <span class='ocrx_word' id='word_1_324' title='bbox 406 3740 550 3809; x_wconf 87' lang='lat' dir='ltr'><strong>ibidemque</strong></span> <span class='ocrx_word' id='word_1_325' title='bbox 573 3746 658 3792; x_wconf 84' lang='lat' dir='ltr'><strong>castra</strong></span> <span class='ocrx_word' id='word_1_326' title='bbox 680 3738 757 3791; x_wconf 87' lang='lat' dir='ltr'><strong>locat.</strong></span> <span class='ocrx_word' id='word_1_327' title='bbox 790 3738 948 3790; x_wconf 86' lang='lat' dir='ltr'><strong>satellitibus</strong></span> <span class='ocrx_word' id='word_1_328' title='bbox 965 3754 1043 3805; x_wconf 88' lang='lat' dir='ltr'><strong>porro</strong></span> <span class='ocrx_word' id='word_1_329' title='bbox 1060 3738 1093 3790; x_wconf 90' lang='lat' dir='ltr'><strong><em>ad</em></strong></span> <span class='ocrx_word' id='word_1_330' title='bbox 1110 3738 1167 3789; x_wconf 82' lang='lat' dir='ltr'><strong>eius</strong></span> 
     </span>
     <span class='ocr_line' id='line_1_36' title="bbox 81 3805 1166 3873; baseline 0.002 -18"><span class='ocrx_word' id='word_1_331' title='bbox 81 3805 283 3869; x_wconf 81' lang='lat' dir='ltr'><strong>tabernaculum,</strong></span> <span class='ocrx_word' id='word_1_332' title='bbox 307 3816 336 3859; x_wconf 88' lang='lat' dir='ltr'><strong>ut</strong></span> <span class='ocrx_word' id='word_1_333' title='bbox 360 3810 484 3872; x_wconf 77' lang='lat' dir='ltr'><strong>decebat,</strong></span> <span class='ocrx_word' id='word_1_334' title='bbox 506 3808 629 3861; x_wconf 74' lang='lat' dir='ltr'><strong>‘excubius</strong></span> <span class='ocrx_word' id='word_1_335' title='bbox 651 3806 818 3869; x_wconf 75' lang='lat' dir='ltr'><strong>ducentibus,</strong></span> <span class='ocrx_word' id='word_1_336' title='bbox 843 3823 894 3859; x_wconf 90' lang='lat' dir='ltr'><strong>una</strong></span> <span class='ocrx_word' id='word_1_337' title='bbox 910 3806 1055 3859; x_wconf 75' lang='lat' dir='ltr'><strong>muliercula</strong></span> <span class='ocrx_word' id='word_1_338' title='bbox 1072 3814 1166 3873; x_wconf 84' lang='lat' dir='ltr'><strong>pertus</strong></span> 
     </span>
     <span class='ocr_line' id='line_1_37' title="bbox 82 3873 1167 3943; baseline -0.002 -16"><span class='ocrx_word' id='word_1_339' title='bbox 82 3876 192 3930; x_wconf 79' lang='lat' dir='ltr'><strong>cruciata</strong></span> <span class='ocrx_word' id='word_1_340' title='bbox 208 3874 355 3939; x_wconf 85' lang='lat' dir='ltr'><strong>doloribus,</strong></span> <span class='ocrx_word' id='word_1_341' title='bbox 380 3878 523 3930; x_wconf 70' lang='lat' dir='ltr'><strong>clarisonas</strong></span> <span class='ocrx_word' id='word_1_342' title='bbox 539 3894 617 3931; x_wconf 83' lang='lat' dir='ltr'><strong>voces</strong></span> <span class='ocrx_word' id='word_1_343' title='bbox 633 3877 724 3929; x_wconf 77' lang='lat' dir='ltr'><strong>iterum</strong></span> <span class='ocrx_word' id='word_1_344' title='bbox 741 3893 772 3928; x_wconf 87' lang='lat' dir='ltr'><strong><em>ac</em></strong></span> <span class='ocrx_word' id='word_1_345' title='bbox 788 3876 891 3943; x_wconf 85' lang='lat' dir='ltr'><strong>saepius</strong></span> <span class='ocrx_word' id='word_1_346' title='bbox 908 3875 1027 3938; x_wconf 77' lang='lat' dir='ltr'><strong>effundit.</strong></span> <span class='ocrx_word' id='word_1_347' title='bbox 1061 3873 1167 3942; x_wconf 80' lang='lat' dir='ltr'><strong>egredi·</strong></span> 
     </span>
     <span class='ocr_line' id='line_1_38' title="bbox 82 3942 1166 4015; baseline 0.005 -24"><span class='ocrx_word' id='word_1_348' title='bbox 82 3946 174 3999; x_wconf 83' lang='lat' dir='ltr'><strong>turdo</strong></span> <span class='ocrx_word' id='word_1_349' title='bbox 196 3944 403 4008; x_wconf 78' lang='lat' dir='ltr'><strong>excubitoribus,</strong></span> <span class='ocrx_word' id='word_1_350' title='bbox 428 3946 471 4015; x_wconf 91' lang='lat' dir='ltr'><strong>qui</strong></span> <span class='ocrx_word' id='word_1_351' title='bbox 490 3946 607 4007; x_wconf 71' lang='lat' dir='ltr'><strong>luminam</strong></span> <span class='ocrx_word' id='word_1_352' title='bbox 625 3956 676 3999; x_wconf 87' lang='lat' dir='ltr'><strong><em>tam</em></strong></span> <span class='ocrx_word' id='word_1_353' title='bbox 695 3947 789 3998; x_wconf 83' lang='lat' dir='ltr'><strong>absono</strong></span> <span class='ocrx_word' id='word_1_354' title='bbox 813 3946 923 3997; x_wconf 78' lang='lat' dir='ltr'><strong>clamore</strong></span> <span class='ocrx_word' id='word_1_355' title='bbox 939 3942 1085 4013; x_wconf 85' lang='lat' dir='ltr'><strong>probibeat.</strong></span> <span class='ocrx_word' id='word_1_356' title='bbox 1118 3942 1166 3996; x_wconf 91' lang='lat' dir='ltr'><strong>ubl</strong></span> 
     </span>
     <span class='ocr_line' id='line_1_39' title="bbox 84 4010 1166 4083; baseline 0.004 -24"><span class='ocrx_word' id='word_1_357' title='bbox 84 4010 254 4067; x_wconf 78' lang='lat' dir='ltr'><strong>domunculam</strong></span> <span class='ocrx_word' id='word_1_358' title='bbox 271 4014 377 4069; x_wconf 82' lang='lat' dir='ltr'><strong>intrauit</strong></span> <span class='ocrx_word' id='word_1_359' title='bbox 393 4012 546 4083; x_wconf 78' lang='lat' dir='ltr'><strong>cauxsomquc</strong></span> <span class='ocrx_word' id='word_1_360' title='bbox 562 4014 753 4067; x_wconf 81' lang='lat' dir='ltr'><strong>vociferat-iouis</strong></span> <span class='ocrx_word' id='word_1_361' title='bbox 770 4013 923 4083; x_wconf 72' lang='lat' dir='ltr'><strong>exquisivit,</strong></span> <span class='ocrx_word' id='word_1_362' title='bbox 946 4012 990 4065; x_wconf 88' lang='lat' dir='ltr'><strong>illa</strong></span> <span class='ocrx_word' id='word_1_363' title='bbox 1012 4017 1087 4080; x_wconf 83' lang='lat' dir='ltr'><strong>partu</strong></span> <span class='ocrx_word' id='word_1_364' title='bbox 1110 4012 1166 4065; x_wconf 82' lang='lat' dir='ltr'><strong>sol-</strong></span> 
     </span>
     <span class='ocr_line' id='line_1_40' title="bbox 83 4076 1167 4153; baseline 0.004 -24"><span class='ocrx_word' id='word_1_365' title='bbox 83 4076 156 4133; x_wconf 80' lang='lat' dir='ltr'><strong>vitur.</strong></span> <span class='ocrx_word' id='word_1_366' title='bbox 193 4084 217 4134; x_wconf 89' lang='lat' dir='ltr'><strong><em>is</em></strong></span> <span class='ocrx_word' id='word_1_367' title='bbox 234 4091 342 4137; x_wconf 81' lang='lat' dir='ltr'><strong>naturae</strong></span> <span class='ocrx_word' id='word_1_368' title='bbox 358 4082 482 4153; x_wconf 75' lang='lat' dir='ltr'><strong>piaculum</strong></span> <span class='ocrx_word' id='word_1_369' title='bbox 499 4089 572 4148; x_wconf 85' lang='lat' dir='ltr'><strong>erat,</strong></span> <span class='ocrx_word' id='word_1_370' title='bbox 598 4101 663 4152; x_wconf 87' lang='lat' dir='ltr'><strong>puer</strong></span> <span class='ocrx_word' id='word_1_371' title='bbox 677 4083 735 4136; x_wconf 89' lang='lat' dir='ltr'><strong>sine</strong></span> <span class='ocrx_word' id='word_1_372' title='bbox 752 4084 847 4145; x_wconf 89' lang='lat' dir='ltr'><strong>oculis,</strong></span> <span class='ocrx_word' id='word_1_373' title='bbox 873 4081 927 4133; x_wconf 89' lang='lat' dir='ltr'><strong>sine</strong></span> <span class='ocrx_word' id='word_1_374' title='bbox 944 4078 1087 4150; x_wconf 85' lang='lat' dir='ltr'><strong>palpebris,</strong></span> <span class='ocrx_word' id='word_1_375' title='bbox 1109 4080 1167 4133; x_wconf 86' lang='lat' dir='ltr'><strong>siue</strong></span> 
     </span>
     <span class='ocr_line' id='line_1_41' title="bbox 84 4148 1167 4222; baseline 0.008 -26"><span class='ocrx_word' id='word_1_376' title='bbox 84 4150 237 4215; x_wconf 84' lang='lat' dir='ltr'><strong>superciliis,</strong></span> <span class='ocrx_word' id='word_1_377' title='bbox 254 4152 312 4205; x_wconf 77' lang='lat' dir='ltr'><strong>sine</strong></span> <span class='ocrx_word' id='word_1_378' title='bbox 320 4152 451 4217; x_wconf 82' lang='lat' dir='ltr'><strong>manibus,</strong></span> <span class='ocrx_word' id='word_1_379' title='bbox 467 4152 524 4204; x_wconf 89' lang='lat' dir='ltr'><strong>sine</strong></span> <span class='ocrx_word' id='word_1_380' title='bbox 541 4152 672 4215; x_wconf 76' lang='lat' dir='ltr'><strong>brachiis,</strong></span> <span class='ocrx_word' id='word_1_381' title='bbox 691 4152 851 4222; x_wconf 81' lang='lat' dir='ltr'><strong>peregrinum</strong></span> <span class='ocrx_word' id='word_1_382' title='bbox 869 4148 987 4219; x_wconf 75' lang='lat' dir='ltr'><strong>quiddam</strong></span> <span class='ocrx_word' id='word_1_383' title='bbox 1005 4154 1032 4201; x_wconf 90' lang='lat' dir='ltr'><strong><em>et</em></strong></span> <span class='ocrx_word' id='word_1_384' title='bbox 1048 4148 1167 4205; x_wconf 77' lang='lat' dir='ltr'><strong>informe</strong></span> 
     </span>
     <span class='ocr_line' id='line_1_42' title="bbox 85 4214 1168 4291; baseline 0.004 -25"><span class='ocrx_word' id='word_1_385' title='bbox 85 4214 112 4267; x_wconf 80' lang='lat' dir='ltr'><strong><em>sd</em></strong></span> <span class='ocrx_word' id='word_1_386' title='bbox 128 4214 280 4272; x_wconf 72' lang='lat' dir='ltr'><strong>coxendices</strong></span> <span class='ocrx_word' id='word_1_387' title='bbox 298 4229 434 4291; x_wconf 85' lang='lat' dir='ltr'><strong>praeterea</strong></span> <span class='ocrx_word' id='word_1_388' title='bbox 451 4220 532 4275; x_wconf 90' lang='lat' dir='ltr'><strong>cauda</strong></span> <span class='ocrx_word' id='word_1_389' title='bbox 549 4220 628 4290; x_wconf 87' lang='lat' dir='ltr'><strong>piscis</strong></span> <span class='ocrx_word' id='word_1_390' title='bbox 644 4230 738 4289; x_wconf 75' lang='lat' dir='ltr'><strong>agnata</strong></span> <span class='ocrx_word' id='word_1_391' title='bbox 753 4222 893 4273; x_wconf 79' lang='lat' dir='ltr'><strong>visebatun</strong></span> <span class='ocrx_word' id='word_1_392' title='bbox 927 4217 1069 4287; x_wconf 70' lang='lat' dir='ltr'><strong>spectaculi</strong></span> <span class='ocrx_word' id='word_1_393' title='bbox 1093 4218 1168 4270; x_wconf 81' lang='lat' dir='ltr'><strong>buius</strong></span> 
     </span>
     <span class='ocr_line' id='line_1_43' title="bbox 84 4282 1169 4361; baseline 0.002 -24"><span class='ocrx_word' id='word_1_394' title='bbox 84 4282 161 4337; x_wconf 69' lang='lat' dir='ltr'><strong>lor-a</strong></span> <span class='ocrx_word' id='word_1_395' title='bbox 177 4293 204 4337; x_wconf 85' lang='lat' dir='ltr'><strong><em>et</em></strong></span> <span class='ocrx_word' id='word_1_396' title='bbox 220 4290 295 4341; x_wconf 83' lang='lat' dir='ltr'><strong>modo</strong></span> <span class='ocrx_word' id='word_1_397' title='bbox 311 4292 437 4356; x_wconf 80' lang='lat' dir='ltr'><strong>lustrato,</strong></span> <span class='ocrx_word' id='word_1_398' title='bbox 459 4292 697 4361; x_wconf 68' lang='lat' dir='ltr'><strong>nuncuparem·</strong></span> <span class='ocrx_word' id='word_1_399' title='bbox 713 4289 784 4360; x_wconf 89' lang='lat' dir='ltr'><strong>ipsos</strong></span> <span class='ocrx_word' id='word_1_400' title='bbox 802 4304 859 4341; x_wconf 84' lang='lat' dir='ltr'><strong>coss</strong></span> <span class='ocrx_word' id='word_1_401' title='bbox 878 4302 961 4359; x_wconf 88' lang='lat' dir='ltr'><strong>puero</strong></span> <span class='ocrx_word' id='word_1_402' title='bbox 978 4285 1014 4341; x_wconf 86' lang='lat' dir='ltr'><strong><em>ad</em></strong></span> <span class='ocrx_word' id='word_1_403' title='bbox 1029 4285 1169 4358; x_wconf 83' lang='lat' dir='ltr'><strong>imperato·</strong></span> 
     </span>
    </p>
   </div>
   <div class='ocr_carea' id='block_1_5' title="bbox 124 4360 336 4433">
    <p class='ocr_par' dir='ltr' id='par_1_5' title="bbox 124 4360 336 4433">
     <span class='ocr_line' id='line_1_44' title="bbox 124 4360 336 4433; baseline 0.009 -18"><span class='ocrx_word' id='word_1_404' title='bbox 124 4360 336 4433; x_wconf 61' lang='grc' dir='ltr'><strong><em>ῆεοῳίιρίαοίσι,</em></strong></span> 
     </span>
    </p>
   </div>
   <div class='ocr_carea' id='block_1_6' title="bbox 0 0 1427 4742">
    <p class='ocr_par' dir='ltr' id='par_1_6' title="bbox 0 0 1427 4742">
     <span class='ocr_line' id='line_1_45' title="bbox 0 0 1427 4742; baseline 0 0"><span class='ocrx_word' id='word_1_405' title='bbox 0 0 1427 4742; x_wconf 95' lang='lat' dir='ltr'><strong><em> </em></strong></span> 
     </span>
    </p>
   </div>
  </div>
 </body>
</html>
