2817 4742
328 310 618 379 fflsTomauum
638 310 698 380 N.
725 314 759 381 2.
786 314 821 383 3.
1061 314 1131 387 161

49 506 79 548 τε
96 478 210 549 τοάταυ
229 480 265 548 τδ
287 476 491 547 ἀπιστότατον
496 530 508 565 ,
536 483 588 547 καλ
610 478 715 559 άπλῶς
741 488 804 547 τῶν
821 478 1046 567 ἦμιιρτημίνων
1059 482 1134 573 ‘Op-

49 588 140 677 μίσιληι
152 590 247 670 μίγαν
258 584 327 650 τινὰ
338 586 388 649 καλ
400 580 620 651 πιθανώτατον
633 582 803 670 κατάλογον
817 583 1032 655 συνετάττετο·
1052 590 1135 657 εἀαελ

51 688 105 773 γὰρ
120 688 158 754 od
173 687 318 773 δυσμενές
334 690 398 752 ἐστι
418 690 589 773 φιλαίτιον,
616 690 667 752 καὶ
678 698 802 772 μικραῖς
816 693 896 754 τισίν
910 688 1068 776 άιρορμαῖς
1077 718 1137 773 με·-

51 790 142 874 γάλας
162 788 225 857 οἶδε
247 789 384 877 κορυφάς
404 787 601 875 ἐγκλημάτων
620 792 842 858 τεκταίνεσθαι.
893 794 957 857 ἐπεὶ
972 790 1136 861 δέτσάτων

33 894 88 961 sad
109 896 177 976 περί
201 894 255 960 τδν
275 888 454 976 Φεραχάνην
469 890 591 977 ἠκηκόει
612 892 847 977 στρατεύματα,
874 892 932 979 τὴν
943 893 1067 981 γνάμην
1078 922 1137 979 με·

52 997 156 1063 τίθετε
170 998 220 1062 καὶ
234 998 414 1077 νεωτερίζειν
430 998 574 1081 ἐγλίχετο.
626 1000 677 1061 καλ
694 995 805 1062 άθετεῒ
815 995 851 1061 vd
867 995 1037 1081 τιμῶμεναν
1045 1048 1057 1080 ,
1084 1001 1136 1065 καλ

52 1102 175 1186 γεραίρει
197 1097 233 1165 τὸ
255 1094 459 1180 κακιζόμενον.
509 1100 561 1163 καλ
583 1090 621 1182 ἦν
643 1098 750 1174 αὐτοῖς
770 1098 870 1164 αι’·κίτι
893 1101 1000 1167 λαιπδν
1019 1100 1059 1167 τά
1082 1108 1139 1186 τῆς

53 1204 227 1288 τυραννίδας
256 1198 449 1285 ἐγκλήματα,
484 1199 553 1265 ἀλλ’
576 1200 678 1284 ῶσπερ
701 1197 828 1282 ἐννομός
847 1225 894 1277 τις
916 1199 935 1283 ἦ
959 1204 1136 1289 ἐγχείρησις,

53 1303 192 1390 ἀφορμὴν
204 1306 267 1370 τῶν
282 1304 444 1388 δρωμίνων
459 1301 663 1383 ἀπολαβοῦσα
674 1301 711 1368 τὸ
723 1305 851 1370 δίκαιον.
905 1302 971 1392 (3)
997 1308 1047 1370 καὶ
1063 1312 1137 1391 γοῦν
1153 1317 1179 1372 D

21 1405 204 1488 λοδΖασνάβ
223 1402 286 1494 (εἷς
298 1405 332 1469 δ’
350 1394 442 1481 οὗτος
455 1410 514 1469 τοῦ
526 1408 736 1486 Διλιμνιτικυῦ
750 1404 864 1482 ἐθναυς
876 1401 1079 1491 ἡγούμενος),
1101 1408 1139 1475 αὖ

52 1510 107 1593 μὴν
122 1509 201 1575 ἀλλὰ
213 1511 265 1573 καλ
279 1504 431 1592 Σαράμης
443 1502 461 1573 ὅ
474 1506 559 1588 νίας,
581 1508 617 1574 td
632 1514 801 1593 τηνικαῦτα
813 1510 871 1588 μέν
882 1515 990 1593 καιροῦ
1006 1519 1070 1586 ταῖς
1083 1512 1140 1577 δσ-

54 1609 195 1698 ρυφόραις
217 1616 275 1677 τοῦ
303 1614 478 1695 στρατηγοῦ
500 1607 754 1693 καταλεγόμενος,
789 1607 918 1694 ὕστερον
940 1611 975 1675 δέ
998 1617 1060 1677 τῶν
1080 1619 1140 1679 τοῦ

53 1714 198 1797 βασιλίως
211 1718 250 1779 X
248 1706 359 1798 ασράαυ
375 1708 648 1795 σωματοφυλάκων
660 1713 849 1793 ἐπιστατῶν,
878 1709 983 1796 ἐτίρας
997 1712 1140 1799 δρεγάμε-
1155 1729 1179 1784 Ρ
1193 1730 1230 1785 93

56 1842 98 1882 ναι
121 1815 234 1899 λήξεως
248 1822 304 1895 τῆς
319 1839 351 1880 τε
365 1819 540 1897 μεταβολῆς
553 1820 615 1879 τῶν
628 1811 818 1899 πραγμάτων
836 1817 906 1880 λίαν
927 1813 1063 1905 ἐκτόπως
1075 1825 1143 1902 γλι-

24 1936 50 1991 15
55 1918 172 2003 χάμεναι
194 1919 390 1999 συνωμοσίαν
413 1917 570 1997 διέθεντο,
597 1919 779 1995 ἐξαπιναίως
799 1943 831 1984 τε
853 1915 1035 1995 ἐπελθόντες
1043 1919 1144 2007 ςάναι-

57 2029 140 2107 ραῦσι
152 2021 207 2087 τὸν
222 2016 404 2104 Φεροχάνην
415 2016 541 2100 νυκτός,
569 2008 740 2102 άμάναντας
754 2026 911 2097 παντελῶς
925 2019 1060 2099 οὐδενός.
1105 2015 1144 2090 οδ

57 2125 92 2209 δὴ
112 2120 268 2210 γεγονότας
288 2125 319 2199 ἐς
342 2120 481 2208 ἁρπαγὴν
500 2130 562 2189 τῶν
581 2129 638 2189 τοῦ
659 2130 835 2209 στρατηγιοῦ
849 2121 1020 2207 χρημάτων
1032 2122 1145 2204 πάντες

58 2226 231 2313 ἐτράποντο.
281 2217 334 2310 ἧκε
347 2232 419 2311 γοῦν
432 2227 553 2312 πίμπτη
566 2222 663 2315 aiut-‘pp
680 2225 801 2311 άγγελία
817 2233 861 2314 τῷ
877 2232 1010 2312 Περσῶν
1024 2235 1148 2309 βασιλεῖ

58 2327 168 2397 ruvirum
183 2329 222 2414 δὴ
235 2336 298 2395 τῶν
312 2328 436 2415 ἐυαγχας
452 2328 691 2413 συμβεβηκότων
704 2337 748 2418 τῷ
760 2334 933 2417 στρατηγῷ.
985 2336 1147 2397 καταπλα-

27 2437 114 2519 εαγιές
132 2438 295 2519 τοιγαροῦν
317 2435 365 2497 ἐπὶ
387 2439 427 2521 τῇ
446 2438 508 2498 τῶν
527 2438 630 2499 κακῶν
646 2430 779 2499 ἐπιδόσει
790 2429 959 2518 Ὁρμίσδας
978 2432 1077 2525 άπῇρε
1089 2440 1147 2519 τῆς

61 2538 201 2621 Μηδίας,
237 2536 269 2601 ἐν
295 2526 317 2622 ᾖ
345 2536 402 2611 τάς
424 2535 586 2621 διατριβάς
607 2536 785 2620 ἐπεποίητο,
811 2538 862 2600 καί
882 2542 921 2621 τῇ
944 2540 1146 2623 Κτησιφῶντι

61 2645 241 2723 προσομιλεῖ.
294 2635 351 2715 τάς
370 2663 404 2705 τε
423 2640 619 2723 περιλοίπαυς
639 2635 786 2722 δυνάμεις
803 2634 1025 2720 ἀναλεξάμενος
1040 2645 1096 2722 τῆς
1113 2642 1146 2716 ἐς

62 2741 149 2807 αὐτὸν
168 2748 376 2827 περιωραυρῶς
396 2743 562 2819 διετίθετο,
589 2737 633 2828 ῶς
653 2744 740 2824 ἐνῆν,
766 2738 823 2826 την
845 2743 1006 2827 φροντίδα.
1058 2742 1088 2807 oi
1111 2742 1184 2807 δέΒ

62 2848 119 2908 τῶν
130 2845 294 2926 βασιλείων
309 2840 464 2929 οἰκήτορες
478 2843 595 2911 άστίων
607 2840 726 2909 τούτων
744 2843 785 2927 δὴ
798 2848 861 2909 τῶν
879 2843 1097 2929 πεπραγμίνων
1111 2842 1145 2909 ἐν

123 3060 147 3116 3.
162 3052 195 3114 roi
211 3054 287 3111 derat
301 3054 346 3111 11².

65 3244 136 3301 leram
157 3246 241 3317 ipaiua
265 3246 369 3317 longum
385 3263 502 3317 veroque
526 3242 634 3299 maxime
651 3249 847 3297 consentaneum
864 3242 1007 3310 catalogum
1024 3248 1148 3294 contexe·

67 3316 114 3368 bat
144 3316 322 3370 nmievoientia
345 3317 409 3371 enim
431 3332 532 3385 semper
555 3314 662 3384 querula
686 3322 741 3374 eat,
765 3324 842 3365 etex
857 3312 1034 3363 occasionibus
1057 3312 1147 3380 parvis

67 3400 160 3466 maguae
177 3386 366 3465 accusationum
383 3386 462 3437 malea
479 3391 629 3463 eorrptpuere
646 3381 799 3461 consuerit..
820 3381 886 3497 paen
908 3379 951 3497 „lii
977 3379 1147 3500 Pbepocbania

68 3464 185 3584 :titt
206 3454 337 3573 didio
352 3453 635 3589 'titiustdt'ltdt
650 3464 1148 3585 ttzttd‘tdznqdduddi&

68 3598 210 3652 veneratum
232 3606 282 3642 nee
296 3590 346 3641 iam
362 3588 522 3659 tyrannidem
539 3589 565 3640 in
582 3586 677 3639 crimen
694 3591 786 3648 vocat,
807 3585 854 3636 aed
872 3603 920 3654 pro
939 3583 1063 3638 molimine
1080 3583 1146 3651 iegi-

70 3658 122 3711 timo
149 3659 234 3713 ducit.
265 3675 332 3727 quae
363 3658 484 3711 iustitiam
509 3674 556 3725 pro
580 3672 663 3709 rorum
689 3654 843 3723 agendarum
868 3654 1002 3705 occasione
1028 3652 1147 3722 arripiat.

71 3728 120 3793 (θ)
133 3728 211 3796 igitur
227 3726 334 3780 Zoanab
351 3746 367 3781 e
385 3728 492 3781 ducibus
509 3725 708 3787 Dilimnitarum,
724 3725 835 3792 itemque
851 3722 970 3774 Saramea
985 3722 1084 3783 iunior,
1102 3721 1146 3802 qui

70 3802 117 3848 tun
137 3798 162 3849 in
182 3796 338 3848 satellitibus
357 3797 530 3851 Pheroebania
552 3795 733 3847 numerabatur
750 3801 777 3845 et
793 3801 883 3860 postea
900 3792 1033 3843 chosroae
1049 3790 1148 3841 satellt-

72 3870 116 3917 λεια
131 3868 316 3937 praefecturam
334 3867 459 3931 obtinuit,
485 3866 551 3917 nlius
567 3864 646 3916 aortis
663 3868 815 3930 appetentes
837 3860 946 3929 novique
962 3876 1045 3911 rerum
1062 3865 1147 3909 amtor

71 3936 205 4007 percupidi,
222 3935 436 4003 conspirationem
454 3936 557 3997 ineunt,
578 3950 608 3986 ac
623 3931 655 3983 de
673 3938 750 4004 noete
766 3930 955 3982 Piaeroehaaem
973 3926 1039 3979 omui
1056 3926 1147 3977 deien-

71 4000 134 4055 uione
151 4008 274 4058 nudatum
292 4009 397 4072 repente
416 4004 500 4056 adorti
516 4004 682 4061 obtruncanta
700 4015 808 4067 moxque
824 3998 857 4049 ad
874 3995 1148 4064 eius-ruppeiieetiieu

73 4073 184 4131 omanadum
216 4074 397 4141 ferendamque
427 4090 514 4125 omnea
539 4075 734 4125 convertuntur.
768 4066 855 4119 caedis
876 4065 952 4117 huius
975 4063 1079 4115 nuntiua
1105 4063 1148 4115 die

74 4137 151 4199 quinto
173 4142 205 4196 ad
231 4160 317 4209 regem
335 4141 479 4210 perfertur,
504 4142 548 4210 qui
567 4142 615 4192 hoe
630 4138 694 4190 maio
712 4135 744 4187 ud
764 4144 866 4187 caetera
881 4143 964 4201 nuper
981 4133 1070 4185 addito
1086 4148 1148 4184 con·

75 4210 191 4261 rtemutua
215 4230 230 4264 e
255 4212 375 4277 i'eraide,
408 4210 453 4263 abi
475 4211 624 4271 habitabat,
656 4202 847 4272 Ctesiphontem
875 4203 958 4272 petit,
989 4202 1150 4269 collectoque

76 4272 184 4342 quidquid
202 4280 307 4332 miiitum
325 4284 475 4351 superent,
492 4276 631 4335 curtadiam
648 4274 706 4337 aui,
725 4280 755 4327 ut
771 4273 900 4335 dabatur,
926 4269 1049 4326 instituit.
1081 4269 1150 4322 indi-

113 4354 317 4426 'i'ieopbytuctua
905 4348 940 4405 ll
