2817 4742
236 287 308 362 158
620 288 945 359 monumen

129 837 155 893 v
171 766 224 895 19¹}
242 796 276 869 1.
320 753 445 866 Ἐπεί
463 792 495 864 δ’
511 790 613 883 όρκοις
625 794 667 863 τό
679 801 736 881 τῆς
750 798 932 884 τυραννίδος
950 796 1149 883 ἀπετειχίζιτο
1166 794 1217 861 καλ
1231 817 1330 859 σπον-

238 904 309 979 δαῖς
326 900 348 987 ἦ
367 897 475 976 στάσις
495 896 729 987 ἐπῳκοδόμητο,
754 902 929 987 ἓπαθροίζει
940 901 1138 987 ’συμμαχικόν
1161 894 1330 981 όΒαράμ,

237 1000 326 1071 καλό
347 999 506 1089 ίιιιχιόριος
524 1002 663 1089 Πέρσαις
683 1001 863 1087 ίιιρατόνετο
884 1002 1026 1088 πόλεμος.
1078 998 1333 1089 έπεστρατολόγει

234 1108 272 1173 δέ
284 1091 367 1191 καλίγ
382 1108 448 1192 περί
461 1104 517 1172 τόν
525 1101 694 1191 Ὁρμίσδαν
711 1106 872 1189 δυσμένεια
885 1115 929 1198 τῷ
947 1108 1064 1194 Βαράμ
1082 1103 1258 1190 πρόσθετον
1280 1105 1333 1170 καλ

235 1207 397 1296 έπίκουρον
423 1203 571 1291 δόναμιν·
601 1209 724 1294 Πέρσαι
744 1208 803 1296 γάρ
826 1210 856 1275 oi
876 1211 954 1296 πρός
970 1217 1009 1299 τῇ
1027 1212 1133 1291 Νίσιβι
1155 1233 1332 1293 στρατοπε-

235 1308 453 1398 δεόοντεςάρτι
465 1337 526 1377 που
537 1308 597 1379 sind
604 1310 763 1396 Ῥωμαίων
776 1314 1080 1399 καταπολεμηθέντες
1092 1315 1226 1401 δημοσίρ
1240 1306 1333 1376 ε’κτό-

236 1419 297 1496 ξει,
329 1415 368 1481 τό
392 1417 460 1499 περί
481 1413 537 1480 τόν
560 1412 715 1500 Βαρόμην
737 1413 900 1500 ἀκηκοότες
924 1412 1104 1501 παράδοξα,
1131 1415 1336 1480 ἀποκλίνουσι

236 1518 315 1605 πρός
335 1513 524 1598 ἀπόστασιν,
552 1514 672 1605 ἀδελφὰ
687 1524 751 1584 τῶν
771 1519 874 1607 έκεένιρ
892 1520 1158 1605 διεγχειρηθέντων
1170 1512 1335 1601 όποζηλιό-

147 1634 173 1690 P
187 1636 222 1691 91
239 1646 359 1697 σαντες.
409 1617 529 1687 τοότων
546 1621 585 1705 δὴ
600 1620 808 1707 ἀγγελθέντων
824 1629 869 1710 τῷ
882 1619 997 1708 Βαρόμ
1004 1672 1015 1703 ,
1039 1622 1179 1707 πρέσβεις
1197 1619 1260 1684 ἀπὸ
1277 1625 1350 1702 τῆς

218 1778 221 1784 .
236 1726 307 1811 περί
323 1723 418 1791 αὐτόν
433 1720 576 1806 πληθόος
591 1724 774 1808 ἐκπέμπεται
786 1723 863 1811 πρός
878 1726 935 1809 τη“ν
949 1730 1091 1807 Νίσιβιν,
1117 1726 1168 1789 καὶ
1187 1727 1234 1809 τῷ
1250 1722 1331 1787 ἀπα-
1340 1738 1370 1792 10

237 1834 326 1916 γωγῷ
345 1834 409 1896 τῶν
418 1824 611 1912 όποσχέσεων
626 1824 851 1916 καρτερώτερος
862 1827 989 1913 Μήδοις
1004 1826 1021 1895 ό
1035 1826 1181 1914 έμιγόλιος
1192 1815 1333 1890 sodoro-

236 1927 357 2017 ρεόεται
378 1927 521 2011 πόλεμος.
573 1930 605 1995 oi
624 1932 682 2013 μέν
702 1924 757 1999 σόν
767 1930 842 2008 τοίις
856 1933 998 2017 πρέσβεις
1012 1927 1167 2013 δεξόμενοι
1181 1928 1260 2013 πρὸς
1274 1927 1332 2011 τὴν

236 2029 326 2098 πόλιν
343 2039 480 2117 χωροῦσι
499 2033 557 2117 τὴν
579 2036 716 2116 Νίσιβιν.
769 2037 836 2121 περί
860 2036 917 2118 τὴν
938 2033 1039 2118 πόλην
1055 2035 1089 2099 δέ
1103 2030 1258 2119 γεγονότες
1273 2036 1332 2096 τοῦ

236 2134 346 2213 ἀοτεος
365 2132 575 2224 σανεκόρησαν
594 2133 840 2225 Χονβριαδόνη,
864 2137 899 2214 ὃς
921 2143 983 2203 τῶν
998 2138 1030 2202 έν
1045 2136 1142 2215 ἀξίαις
1160 2134 1331 2202 τελοόντων

236 2237 322 2325 παρδ
336 2239 474 2322 Πέρσαις
486 2236 583 2305 ίόόκει
590 2288 600 2320 ,
628 2237 765 2323 έπόπτης
776 2266 810 2307 τε
823 2247 886 2307 τῶν
899 2243 1062 2326 δρωμένων
1077 2239 1157 2305 κατὰ
1169 2239 1224 2304 τόν
1238 2234 1367 2305 ndis-15

232 2368 294 2425 μον
307 2338 368 2409 sind
377 2337 530 2428 Ὀρμίσδα
545 2344 795 2429 προεκεχείριστο.
842 2352 953 2411 τοῦτον
966 2340 1193 2427 καταβαλόντες
1206 2347 1263 2405 τοῦ
1275 2340 1330 2402 ’έπ-

195 2449 296 2509 λλποα
319 2440 584 2530 ἀκροτομῆσαντές
606 2470 639 2512 τε
665 2446 719 2511 τόν
738 2449 888 2527 δείλαιον,
918 2448 976 2528 τὴν
994 2446 1128 2531 κεφαλὴν
1148 2448 1211 2507 τιῖιν
1232 2441 1265 2504 έν
1286 2443 1330 2527 τῷ

235 2541 381 2633 τραχήλῳ
409 2542 592 2630 σφονδύλων
620 2545 854 2629 ἀποκοψιέμενοι
881 2544 1024 2629 σόριβολα
1049 2551 1148 2610 ταῦτα
1173 2540 1331 2632 Ὁρμέσδρ

238 2645 445 2733 ἀδιαλλάκτω
459 2646 541 2723 τινός
556 2648 754 2732 παρέπεμπον
768 2646 915 2723 στόσεως.
952 2644 1210 2733 κατεργασόμενοι
1226 2646 1262 2711 δέ
1277 2645 1331 2712 τόν

237 2750 338 2837 ἀνδρα
350 2752 472 2831 δεινῶς,
502 2751 552 2816 καί
570 2750 650 2816 κατὰ
665 2750 721 2835 τὴν
735 2749 824 2817 πόλιν
839 2746 1073 2839 είσφρῆσαντες,
1102 2749 1179 2835 πρός
1194 2751 1368 2834 drapum-20

236 2854 293 2940 γὴν
308 2860 370 2920 τῶν
384 2854 497 2919 έκείνοα
509 2849 678 2939 χρημάτων
691 2850 871 2942 ἐτράποντο.
922 2857 1034 2939 γίνεται
1051 2855 1154 2919 τοίνυν
1178 2852 1258 2918 κατὰ
1275 2852 1331 2934 τὴν

237 2959 363 3037 Νίσιβιν
378 2959 529 3038 διωμοσία
544 2957 678 3047 καρτερὰ
691 2957 746 3047 e‘p'
765 2948 791 3049 pi
805 2957 860 3025 τόν
872 2954 1042 3045 Ὁρμίσδαν
1055 2953 1331 3042 ἀποχειροτόνητον

238 3221 264 3276 1.
297 3170 466 3288 Tyronnids
488 3218 656 3273 sacrementis
675 3216 841 3273 constabilito
863 3217 1059 3287 deiectioneqns
1081 3215 1193 3271 foederis
1209 3216 1236 3270 lo
1301 3232 1330 3269 o-

238 3288 283 3343 'siti
307 3288 433 3356 religiono
458 3288 622 3353 confirmato,
645 3288 770 3342 Vmor·
793 3288 890 3342 anxilio
913 3288 1057 3356 conquirit,
1084 3288 1212 3357 cisileqoe
1235 3286 1330 3340 beton

237 3356 307 3411 inter
330 3358 425 3411 Persas
446 3356 622 3425 ingravescit,
647 3374 702 3410 com
725 3357 783 3427 ipss
805 3374 908 3428 quoqne
926 3357 1066 3412 communis
1082 3357 1188 3410 omniom
1204 3355 1331 3410 adversos

236 3426 400 3481 Hormisdam
424 3426 521 3480 invidis
544 3427 577 3481 sd
601 3443 646 3481 eas
669 3425 760 3497 copies
786 3428 958 3481 accessionem
986 3428 1180 3495 subsidiumqne
1209 3424 1331 3481 afferret.

236 3494 331 3549 etenim
357 3496 452 3549 l’ersas
494 3514 557 3565 rope
581 3496 690 3551 Nisibim
713 3504 941 3550 castrametantes
958 3505 1191 3566 etnoporsperto
1209 3496 1331 3548 Mortes

236 3563 359 3633 Romsnis
380 3514 495 3627 δειλαί),
518 3566 660 3634 inopinatis
682 3581 761 3634 snper
785 3566 896 3620 Vsrsmo
919 3566 1015 3619 nuntiis
1034 3564 1128 3627 exciti,
1153 3564 1257 3616 doserts
1277 3564 1331 3616 lide

237 3634 294 3687 eins
312 3648 390 3686 ansus
407 3632 522 3686 imitandi
538 3637 627 3688 stodio
645 3635 850 3691 concitabantur.
885 3635 912 3689 id
936 3644 1069 3707 postquem
1086 3634 1130 3685 ills
1145 3633 1270 3696 rescivit,
1299 3633 1331 3684 de

195 3734 200 3745 ·
237 3702 353 3756 exercito
376 3719 422 3771 sno
445 3701 545 3770 legatos
565 3720 620 3756 com
642 3704 836 3772 promissionum
852 3706 981 3759 illecebris
1000 3702 1102 3757 Nisibin
1119 3702 1212 3767 mittit,
1233 3702 1331 3770 quibos

237 3770 338 3825 deliniti
366 3771 436 3824 cives
458 3778 549 3825 contra
574 3772 645 3825 cises
667 3774 781 3826 atrocius
806 3774 912 3829 miscere
930 3783 957 3827 ot
973 3771 1074 3837 agitare
1091 3788 1162 3825 arms
1177 3778 1329 3840 coeperunt.

236 3840 355 3894 edmissis
371 3840 461 3910 iisque
477 3840 570 3910 legatis
587 3840 690 3894 Nisibin
707 3844 860 3910 procedunt.
895 3843 927 3898 ad
945 3850 1042 3909 portsm
1060 3842 1132 3893 orbis
1149 3848 1178 3893 nt
1194 3849 1331 3902 venerunt,

238 3908 266 3962 in
282 3910 502 3975 Cbnbriadansm‚
526 3928 603 3963 onum
620 3911 653 3963 de
672 3911 782 3965 Persicis
799 3914 1008 3983 magistratibus,
1034 3920 1063 3963 nt
1078 3911 1238 3982 apparebat.
1262 3908 1331 3961 inci-

241 3978 318 4042 dunt,
340 3980 385 4046 qni
409 3980 443 4031 ab
465 3996 528 4050 rege
554 3981 586 4033 ad
608 3998 661 4033 rem
677 3989 833 4035 cestrensem
853 3980 1036 4052 inspiciendam
1053 3981 1183 4032 veniebat.
1217 3976 1280 4029 boio
1299 3979 1331 4030 ab

241 4064 309 4116 equo
331 4047 468 4101 deturbato
491 4067 599 4102 surnmas
616 4052 730 4117 corporis
748 4063 836 4120 partes
859 4051 1035 4104 miserabiliter
1053 4052 1220 4113 detruncant,
1246 4053 1331 4115 capnt

241 4127 377 4178 resecant,
401 4127 429 4170 et
454 4120 518 4171 baec
540 4119 704 4189 implacabilis
728 4122 780 4173 odii
805 4120 844 4173 sui
862 4128 1011 4189 argumenta
1029 4120 1180 4172 Hormisdsc
1194 4118 1332 4170 transmit-

117 4210 126 4232 ·
240 4194 307 4238 tunt.
342 4202 398 4238 cum
416 4187 538 4239 bominem
557 4197 609 4242 tom
627 4190 755 4242 crudelem
774 4190 799 4242 in
817 4190 916 4243 modom
933 4190 1106 4243 coniecissent
1123 4185 1270 4256 oppidoque
1290 4204 1332 4238 re·

242 4254 312 4327 copti
334 4261 434 4324 essent,
458 4256 624 4314 insultetibos
645 4258 700 4314 cios
723 4259 876 4332 diripiendis
896 4259 1024 4327 involant,
1050 4256 1237 4326 coniuraotqno
1252 4271 1331 4311 acer·
