2817 4742
495 325 643 394 REGUM
669 327 705 396 L.
728 325 786 392 lv.
1138 321 1186 392 95

80 497 363 585 προδιέγναισται.”
388 493 436 564 did
449 492 527 582 πρός
538 503 636 564 ταῦτα
649 493 823 579 ὅβασιλειλς
835 491 1017 580 άπεκρίνατο
1036 499 1061 531 “
1068 488 1186 573 λοιπόν,

83 597 296 688 ὦΠετραινιῖ,
318 606 452 686 προαιρῇ
465 600 584 667 ἀπιέναι
595 603 646 665 καί
661 604 848 687 προσβαλεῖν
863 603 906 684 τῷ
922 599 1037 684 ίχθρῷ,
1060 601 1111 661 καὶ
1126 603 1187 663 τῶν

79 711 291 790 Χριστιανῶν
311 707 361 770 καὶ
382 710 437 787 τῆς
456 704 532 786 ίμῆς
547 705 705 785 βασιλείας
720 700 1016 787 προκινδυνεῦσαι,·”
1066 697 1185 765 ὖπολα-
1202 705 1227 759 Ι)

80 810 160 890 βαλν
180 810 215 872 di
236 807 321 896 αὐτῷ
342 809 436 892 φησίν
456 805 577 890 ὅτιπερ
605 809 670 870 “ίν
687 800 860 888 έτοιμάτητι
871 809 998 885 βασιλεῦ
1009 805 1190 887 χρηματίζοι

49 925 71 978 5
83 911 150 994 τὴν
163 908 290 976 ένοῦσιίν
301 935 355 991 μοι
371 911 502 990 α’ίματος
516 906 616 994 δράκα
628 907 671 985 είς
685 934 717 974 τε
732 906 788 990 τὴν
804 905 860 990 σῆν
874 908 1031 985 βασιλείαν
1044 909 1094 970 καὶ
1109 902 1187 992 ὑπέρ

80 1021 155 1080 τῶν
171 1011 345 1094 ὁμοπίστιον
359 1011 586 1079 άπακενῶσαι.”
628 1008 750 1086 τούτοις
764 1010 801 1094 δὴ
818 1019 883 1083 τοῖς
896 1005 1072 1093 προθύμοις
1085 1006 1188 1092 λόγοις

79 1114 102 1182 ὃ
133 1115 212 1194 ἄναξ
238 1117 395 1200 ε’γγυηθελς
417 1118 632 1200 προχειρίζιται
652 1120 764 1179 τοῦτον
790 1110 935 1197 ἡγεῖσθαι·
951 1118 1007 1175 τοῦ
1030 1107 1188 1195 τάγματος

80 1227 154 1286 τῶν
177 1225 311 1302 σχολῶν·
333 1216 368 1293 ὃς
387 1223 431 1304 τῷ
449 1214 529 1304 λόγῳ
546 1225 602 1300 τῆς
616 1222 773 1301 προβολῆς
790 1215 966 1290 σπουδαίως
982 1216 1133 1289 διατεθείς
1149 1214 1185 1280 sd

80 1321 180 1407 έργον
199 1318 362 1405 ἐπήγαγεν,
385 1317 600 1403 εὖθοβολήσας
621 1319 699 1403 πρὸς
724 1319 778 1385 τὸν
793 1318 937 1400 πολέμιον
949 1317 1010 1381 συν
1024 1316 1189 1393 ἔπιλέκτοις

35 1439 75 1490 10
83 1427 142 1490 καὶ
159 1423 196 1489 od
210 1421 320 1504 πλήθει
334 1418 473 1510 τοσούτῳ
485 1419 700 1504 μεστοίμενος.
754 1420 770 1486 ὃ
786 1421 841 1487 οὐκ
855 1415 992 1502 ίλελήθει
1007 1417 1184 1501 τάνἌμερ·

82 1528 193 1611 φυγάς
211 1521 270 1610 γάρ
289 1549 335 1599 τις
352 1522 510 1604 Ῥωμαίων
534 1524 610 1609 πρὸς
626 1524 721 1594 odzdv
738 1524 837 1590 άπεισι
853 1527 902 1588 καί
917 1525 996 1605 φησί
1020 1522 1186 1605 ’ίγναιστὸν

83 1630 171 1694 ἔσται
195 1653 243 1691 σοι
259 1627 371 1709 Ἅμερ,
395 1631 564 1710 Ιίετραινᾶς
585 1630 696 1701 ἐκεῖνος
712 1624 728 1690 d
747 1626 825 1710 πρὸς
840 1626 944 1708 γένους
959 1628 1015 1688 τοῦ
1035 1625 1186 1702 βασιλέως

80 1732 124 1796 τὸ
150 1731 307 1811 αιίλέσιμον
330 1729 406 1810 έχων
428 1726 578 1811 έπηάχιγσε
599 1729 786 1813 περιθέσθαι
800 1753 848 1792 σοι
863 1724 1014 1807 πόλεμον·
1035 1723 1111 1791 ὅθεν
1125 1725 1184 1791 αὖ·

80 1835 142 1899 τὸν
158 1829 280 1914 ἁπάσης
293 1838 349 1913 τῆς
362 1838 510 1914 στρατιάς
524 1829 713 1914 ἡγεμονεύειν
727 1831 921 1915 προσέταξεν.
951 1827 1028 1913 παρ’
1046 1819 1221 1916 ᾧσυνή-Ἐ

36 1943 71 1996 15
82 1944 235 2019 θροισται
250 1941 310 2010 πᾶς
324 1930 341 1998 d
356 1940 417 1998 τῶν
431 1929 578 2015 θεμάτων
593 1931 727 2019 στρατὸς
742 1936 791 1998 καὶ
807 1929 1007 2010 έξιάιιλισται,
1034 1931 1091 2014 τὴν
1104 1931 1185 1997 κατὰ

80 2046 145 2104 σοῦ
169 2035 270 2119 μάχην
284 2035 580 2120 πραγματευόμενος.
590 2036 609 2064 ”
661 2034 731 2102 τότε
747 2035 842 2121 Ἄμερ
858 2046 923 2110 τοῖς
940 2031 998 2099 ὕπ’
1015 2033 1110 2100 αὐτὸν
1126 2061 1185 2099 τα-

81 2136 225 2222 ξιάρχαις
239 2139 275 2202 τὸ
291 2140 446 2202 ἀκουσθέν
462 2135 677 2222 παρεγύμνου,
699 2140 733 2203 τί
747 2141 825 2224 ιλριῖν
838 2139 899 2223 χρὴ
915 2137 993 2221 πρὸς
1012 2143 1104 2202 τοῦτο
1123 2139 1185 2203 διε-

81 2239 285 2326 ρευνώμενος.
323 2241 352 2305 oi
367 2243 401 2305 δέ
414 2242 491 2322 πρὸς
505 2242 599 2306 αὐτὸν
612 2237 794 2326 ὃμοφρόνως
811 2237 896 2307 εἶπον
922 2240 988 2306 “sd
1003 2238 1081 2325 παρ’
1095 2235 1184 2323 ἡμῶν

81 2343 208 2428 γεγονὸς
228 2337 254 2408 εὖ
270 2342 363 2426 ’Ἀμερ
387 2343 466 2407 κατὰ
489 2351 545 2426 τῆς
566 2346 756 2429 ἐπικρατείας
774 2341 932 2425 Ῥωμαίων
952 2339 1183 2427 ἀνδραγάθημα

38 2448 186 2522 Ξοοῦιλείς
201 2454 262 2512 τῶν
276 2447 336 2527 πρὸ
351 2442 437 2529 ἡμῶν
451 2444 654 2531 έξειργάσατο.
707 2447 743 2511 ori
752 2449 858 2530 χρείαν
871 2447 929 2529 ἔχει
942 2447 1079 2520 πλείονος
1091 2447 1183 2530 ε’ργα-

82 2553 173 2627 σίας,
199 2547 272 2612 ἀλλ’
293 2547 313 2632 ἢ
334 2558 473 2634 παρεῖναι
496 2546 569 2614 dddv
593 2549 650 2632 τὴν
671 2549 748 2634 πρὸς
761 2550 817 2632 τὴν
829 2547 936 2634 χώραν
950 2543 1055 2632 ἡμῶν,
1081 2548 1125 2612 dr'
1143 2538 1180 2631 ἧς
1196 2559 1230 2615 V.
1247 2560 1282 2614 46

81 2648 280 2739 ἇφιξιάμεθα.
333 2654 385 2717 καί
408 2653 436 2718 εί
455 2653 513 2735 μέν
533 2650 550 2718 d
572 2657 743 2739 Πετρωνάς
765 2650 888 2747 ιλιιῦνιον
900 2650 982 2737 ἡμᾶς
996 2647 1180 2733 καταλάβοι,

152 2902 178 2954 5.
188 2900 255 2967 uie]
272 2915 337 2950 corr.
354 2916 436 2966 marg.
451 2894 521 2966 risio
539 2899 576 2952 L:
594 2900 643 2952 hoo
650 2903 718 3034 &aas
730 2898 777 2954 sui
790 2899 883 2955 ndieci.
954 2903 996 2955 10.
1011 2896 1045 2954 sd
1062 2895 1131 2967 άμερ
1148 2899 1179 2954 L.

154 2972 197 3024 19.
213 2966 331 3039 γεγονοὶς
347 2964 363 3023 ὁ
381 2965 451 3037 niueo
469 2969 500 3020 t.
589 2971 633 3024 20.
680 2971 806 3038 είργαστο
822 2969 856 3022 V.
939 2971 983 3026 21.
1001 2974 1134 3040 παραινεῖ
1149 2969 1179 3022 [ι.

81 3191 134 3244 deo.
149 3190 320 3259 praescitur?
344 3192 439 3260 Itaque
455 3192 489 3244 sd
507 3192 569 3245 hrec
586 3192 725 3262 inperator
742 3191 875 3263 respondit
891 3196 989 3259 “ergo
1006 3191 1039 3244 nii
1057 3190 1180 3256 Potrous,

80 3262 120 3312 vis
142 3261 270 3328 proudoci
288 3270 315 3314 et
331 3261 438 3328 aggredi
457 3263 553 3314 bostem
571 3279 603 3314 sc
621 3279 668 3330 pro
685 3261 842 3313 Christianis
859 3277 965 3328 meoque
983 3261 1090 3330 imperio
1109 3262 1179 3329 peri-

80 3329 213 3381 clitari?''
248 3330 301 3390 Qui
325 3331 481 3398 respondeus
497 3331 521 3382 ei
539 3329 605 3383 dicit
628 3328 787 3396 “equidem‚
812 3330 966 3396 imperator,
992 3338 1097 3396 porstus
1113 3347 1179 3393 suin,

80 3398 166 3466 quood
185 3397 296 3466 pugillus
311 3399 444 3465 sanguinis
461 3400 539 3452 inerit
556 3397 632 3458 mihi,
660 3413 717 3448 enni
743 3415 790 3465 pro
816 3407 860 3450 tuo
876 3398 983 3466 irnperio
1002 3415 1099 3466 proque
1116 3398 1179 3451 fidoi

80 3469 244 3518 consortibus
267 3467 425 3519 evscnuro.”
460 3470 516 3520 Hoc
534 3465 614 3518 alacri
631 3482 748 3518 serruone
766 3466 905 3534 inoperetur
921 3468 1085 3519 contirnrutus
1122 3484 1180 3520 roe-

80 3535 138 3586 ficit
162 3535 250 3585 ducem
274 3536 372 3586 cohorti
397 3537 549 3588 scholarum.
585 3533 638 3595 Qui
657 3536 744 3586 verbis
762 3535 926 3587 incusationis
944 3544 1076 3605 proruptus
1094 3484 1180 3588 {dctus

80 3620 133 3655 rens
151 3603 267 3654 utiocto
283 3603 409 3666 adiunxit,
426 3615 498 3657 recto
518 3603 649 3670 proiectus
666 3603 692 3655 in
711 3605 808 3655 hostem
826 3622 880 3656 cunr
900 3605 1016 3667 deiectis,
1037 3621 1084 3656 nec
1101 3604 1179 3656 niuniu

80 3671 243 3724 multitudino
265 3681 400 3753 gravatus.
434 3674 495 3724 Non
519 3671 596 3723 iutuit
620 3689 651 3722 en
673 3690 715 3724 res
733 3676 859 3725 Anienem:
885 3674 1017 3739 transfugo
1036 3673 1102 3725 eninr
1120 3673 1180 3741 qui-

79 3741 138 3792 dsnr
162 3758 219 3792 eune
239 3741 294 3791 ndst
315 3741 430 3808 dicitque
454 3746 565 3792 “notuin
582 3739 617 3791 sit
633 3739 697 3804 tibi,
722 3745 810 3803 Aruer,
835 3743 960 3794 Petrunos
984 3743 1028 3794 iiie
1048 3740 1179 3793 nifinitsto

79 3807 242 3878 inperatoris
258 3809 373 3877 glorians
390 3809 499 3862 minutus
516 3808 619 3860 esttibi
637 3810 728 3862 bellurn
747 3811 857 3862 inferre:
876 3819 1036 3879 quopropter
1053 3826 1109 3860 euru
1120 3808 1179 3860 uni·

80 3893 156 3930 verso
180 3879 303 3930 exercitui
327 3895 447 3947 praeesse
471 3878 553 3930 iussit
589 3880 627 3930 nb
652 3897 682 3930 eo
706 3880 830 3932 collectae
853 3890 912 3931 sunt
935 3895 1020 3932 omines
1037 3880 1178 3930 tiremsturu

82 3946 171 4014 copiae
196 3953 223 3997 et
245 3947 322 3999 ermis
346 3948 503 4007 instructoe,
531 3946 631 4014 proelio
648 3947 771 4000 adversus
789 3961 815 4001 to
833 3959 949 4014 paratae.
958 3947 973 3971 ’⁹
1008 3947 1085 3998 'l'unc
1102 3949 1179 3999 Auier

81 4015 133 4066 suis
149 4015 258 4067 ducibus
275 4015 403 4068 revolavit
418 4015 480 4085 quid
499 4014 654 4080 audivisset,
672 4017 734 4086 quid
752 4017 896 4070 iaciendum
914 4017 947 4068 ud
966 4018 1030 4068 hoec
1046 4015 1082 4066 sit
1098 4032 1178 4083 quoe-

83 4098 150 4136 reus.
186 4084 226 4136 illi
243 4102 306 4137 vero
325 4086 357 4136 od
376 4103 433 4137 euro
452 4084 603 4136 unanimiter
621 4086 743 4138 dixerunt
768 4093 837 4138 “ros
863 4086 950 4155 qualos
970 4100 1033 4146 nos,
1057 4089 1177 4147 oArner,

82 4151 206 4216 gessimus
222 4153 347 4206 sdversns
366 4154 536 4206 Rornanorum
555 4154 699 4221 inperium,
718 4173 790 4207 uerno
808 4164 867 4206 onte
886 4171 933 4206 nos
950 4153 1046 4220 gessit:
1070 4161 1178 4206 nonest

82 4235 145 4288 opus
166 4221 261 4272 maiore
284 4239 317 4274 ue
336 4226 405 4289 otio,
427 4224 473 4275 sed
497 4228 595 4275 tuntum
618 4223 661 4276 vis
684 4223 710 4275 in
735 4233 846 4277 nostruin
866 4222 1009 4290 regionem,
1036 4238 1178 4291 perquem

83 4287 279 4356 proficiscuntur.
314 4240 352 4344 fit
368 4293 392 4344 si
409 4292 512 4362 quidem
529 4293 655 4347 Petroniis
671 4309 718 4348 uos
736 4308 893 4364 persequens
911 4292 1093 4362 occupaverit,
1116 4302 1178 4344 tunc
