2817 4742
229 242 303 313 150
607 236 934 307 mormulam

228 413 327 489 ἀνίονς
348 408 523 495 παρίπεμπε
543 419 613 484 ταῖς
635 405 743 491 λαγόσι
769 414 828 473 τοῦ
852 409 1017 493 Τίγριδος,
1050 408 1103 471 καλ
1122 400 1224 493 πόρος
1242 396 1329 489 {vri

229 504 370 597 ποταμός
384 513 614 596 ἀναμιγίαστος·
641 511 678 577 οὗ
697 513 757 596 γάρ
780 505 1184 593 ἀδημοσίευτος’ίτόγχανεν
1202 506 1245 572 τόν
1258 513 1329 571 τῶν

229 618 317 703 παρά
328 622 385 681 τοῦ
398 614 549 698 βασιλέως
563 614 848 701 παραπεμπομένων
860 614 892 690 tr
904 610 1053 679 θάνατον.
1100 616 1330 705 χρηματισθῆ-

231 746 283 787 ναι
296 719 355 806 γάρ
371 718 426 785 τόν
437 715 606 800 Ὁρμιόδαν
629 717 681 782 διὰ
704 723 768 782 τῶν
787 713 897 801 μόγων
915 718 1012 801 φασίν
1027 711 1089 778 rimi
1104 721 1167 778 τῶν
1177 708 1330 795 όπηκόων

194 830 218 886 ll
235 820 545 888 καταστασιασθέντα
565 819 726 902 ἀποβολήν
744 827 800 884 τοτ’·
820 816 955 903 κρότους
967 813 1179 899 ποιήσασθαι,
1207 817 1355 881 ἔπρεσε-5

233 926 345 1001 δίστως
359 949 392 990 τε
411 923 609 989 καταθίσθαι
623 928 679 1005 τῆς
695 923 834 998 ἔξουσίας
847 918 926 1004 ὁμοῦ
942 924 1065 1003 καὶτῆς
1079 918 1240 1001 βασιλείας
1251 916 1333 991 τοὺς

234 1026 352 1103 οἴακας.
404 1027 529 1090 δείλαιοι
542 1032 598 1107 τῆς
612 1024 752 1106 ἀσεβείας
767 1024 796 1090 oi
817 1020 939 1098 τοότοις
959 1019 1129 1106 πειθήνιοι·
1156 1019 1178 1085 ἀ
1194 1019 1255 1104 γάρ
1271 1017 1335 1083 οὐκ

232 1128 344 1213 ἤμελλε
358 1130 536 1210 συμβαίνειν
549 1126 623 1202 ἴσως
641 1136 707 1202 τοῖς
723 1122 899 1210 πράγμασι,
925 1121 1073 1199 πολλάκις
1091 1128 1335 1210 τερατολογσῦσι

235 1228 396 1314 δαιμόνια,
418 1231 469 1293 ἵνα
482 1229 542 1294 δίει
557 1236 612 1312 τῆς
627 1225 746 1293 τούτων
760 1223 1009 1312 προαγορεόσεως
1028 1228 1117 1309 σχοίη
1130 1251 1189 1291 που
1205 1221 1336 1299 πάντως

235 1332 444 1417 συμπίρασμα
460 1337 522 1397 τῶν
532 1336 811 1416 χρησμολογυυσῶν
827 1329 959 1395 ἀνοσίων
975 1327 1137 1411 δυνάμεων
1155 1325 1197 1393 τά
1211 1322 1332 1408 βουλή-
1342 1344 1374 1395 10

129 1445 221 1506 vwl
236 1460 323 1518 ματα
345 1439 389 1523 τῷ
409 1440 466 1515 τῆς
488 1434 637 1516 πονηρίας
659 1429 936 1519 πανουργικωτάτιρ
957 1433 1136 1519 σοφίσματι.
1186 1432 1337 1494 ἐντεῦθεν

234 1536 293 1624 γάρ
310 1536 465 1619 ἐπιτίθησι
475 1537 526 1600 καί
542 1536 619 1620 πρός
632 1535 668 1600 τό
682 1541 806 1618 πλῆθος
822 1533 897 1601 oriri
907 1531 1078 1617 Ὁρμίσδας
1091 1532 1148 1615 τὴν
1159 1528 1335 1617 μάχαιραν,

237 1643 288 1705 καλ
303 1640 489 1725 διαφθείρας
505 1638 563 1703 δίει
577 1645 632 1705 τοῦ
643 1638 809 1722 μίλλοντος
823 1638 857 1702 lx
870 1644 927 1703 τοῦ
941 1634 1084 1721 πλήθους
1097 1631 1241 1719 χιλιάδας
1253 1640 1335 1699 πολ-

238 1741 296 1819 λάς
314 1738 557 1827 ἀπεθησαύριζεν
573 1737 673 1828 ἑαυτῷ
686 1741 772 1827 παρά
791 1746 854 1806 τῶν
866 1736 1012 1823 δπηκόων
1027 1740 1207 1820 δυσμίνειαν
1221 1733 1337 1801 ἀδιάλ-

238 1851 361 1912 λακτον.
412 1840 599 1910 ἀπεδεκάτοα
619 1845 653 1908 δὲ
674 1846 726 1908 καὶ
746 1843 803 1919 τάς
829 1842 1052 1927 στρατιωτικὰς
1078 1837 1245 1919 ἐπιδόσεις,
1282 1839 1335 1905 καί
1345 1850 1375 1906 15

238 1946 316 2034 πρός
325 1941 482 2023 κινδόνους
492 1942 644 2032 μεγάλους
653 1956 764 2031 χωρεῖν
773 1945 809 2012 τό
824 1942 979 2011 όπλιτικδν
990 1941 1225 2029 κατηνάγκαζιν,
1247 1939 1339 2014 ὅπως

239 2056 280 2135 τῇ
303 2052 466 2140 διαφθορᾷ
483 2056 538 2132 τῆς
560 2052 764 2129 Βαβυλωνίας
785 2044 944 2131 δυνάμεως
969 2047 1178 2113 ἀστασίαστον
1205 2042 1296 2132 αότρ·
1320 2039 1337 2108 ri

202 2163 235 2219 c·
241 2154 396 2235 βασίλειος
409 2148 527 2237 θρόνος
539 2154 626 2236 σχοίη
643 2152 698 2234 τήν
711 2154 843 2235 ἵδρυσιν.
897 2149 988 2240 (17)
1009 2145 1250 2234 περιβαλόμενος
1260 2151 1339 2230 γοῦν

241 2254 258 2322 δ
279 2251 448 2336 Ὁρμίσδας
470 2253 506 2318 τό
524 2262 587 2319 τῶν
601 2250 758 2337 τυράννων
780 2250 917 2335 διάδημα
930 2251 1153 2338 περιαυτίζεταί
1164 2274 1196 2315 τε
1212 2252 1265 2314 καὶ
1278 2248 1339 2312 αό-

240 2357 418 2436 θαδίζεται,
444 2358 496 2420 καλ
520 2357 675 2441 περικείρει
698 2356 735 2421 τὸ
759 2352 891 2435 είωθός,
928 2355 968 2437 τά
991 2360 1047 2437 τῆς
1059 2349 1260 2439 ἀναρρήσεως
1279 2346 1378 2433 ori-20

239 2482 362 2544 μαντρα
378 2457 573 2525 ἀποστέλλειν
594 2456 697 2543 ὥσπερ
718 2457 774 2523 οδε
795 2458 888 2533 ἀξιῶν
906 2460 1039 2543 Τιβερίῳ
1059 2463 1104 2542 τῷ
1119 2450 1340 2539 αότοκράτορι.

243 2556 260 2627 ό
274 2562 330 2645 μίν
347 2553 402 2627 σόν
419 2557 617 2645 αὐτοκράτωρ
635 2556 894 2643 ἀποκηρυκεόεται
908 2558 985 2649 πρὸς
994 2554 1165 2641 Ὁρμίσδαν
1177 2554 1234 2621 τόν
1245 2552 1341 2620 πόλει

242 2675 321 2747 μον,
349 2661 407 2747 τήν
419 2659 540 2751 εἰρήνην
556 2663 588 2727 ἓν
605 2662 657 2749 ίσῃ
672 2663 767 2754 μοίρην
780 2659 934 2749 ἕκατίροις
944 2659 1088 2746 γενίσθαι
1105 2654 1339 2742 ἓξαιτοόμενσς·

245 2889 496 2947 malevolentissima
513 2890 538 2943 ln
555 2891 688 2959 subditos,
705 2892 938 2961 potentissimorum
958 2892 1080 2962 qnondam
1097 2891 1210 2946 aeternio
1226 2890 1341 2945 vinculis

244 2978 276 3015 ao
293 2960 370 3030 cippo
387 2960 536 3023 mundabat,
555 2962 678 3029 quorrlum
695 2962 782 3029 gladio
799 2963 960 3027 trucidabat,
977 2962 1110 3015 nonnullos
1127 2961 1153 3013 in
1170 2959 1276 3027 Tigrim
1294 2961 1343 3014 ‹le-

247 3030 396 3097 mergebat,
419 3039 526 3096 eratque
548 3032 690 3096 aopulrruru
718 3029 812 3081 lluvius
834 3033 909 3098 quod,
922 3049 970 3082 uon
987 3033 1137 3083 indueretur
1153 3039 1199 3082 aut
1217 3031 1342 3099 cooperi-

246 3106 302 3150 retr
326 3112 409 3165 noque
432 3095 498 3148 euim
520 3096 553 3147 ab
580 3114 642 3163 rege
665 3096 774 3150 iniectos
799 3116 847 3150 uon
871 3100 1025 3167 publicabat.
1062 3101 1147 3152 fertur
1163 3104 1250 3150 autem
1271 3100 1343 3151 llor-

246 3163 343 3219 mindae
367 3180 514 3237 reaponaum
537 3165 571 3218 ab
596 3165 698 3227 ariolis,
721 3166 802 3235 ipsum
826 3167 953 3221 reditione
974 3169 1147 3222 subiectorum
1164 3168 1298 3220 adversus
1314 3185 1344 3220 ae

247 3234 361 3287 oxoitatn
378 3250 529 3303 oppressum
553 3232 684 3301 imperium
702 3236 866 3299 omissurum,
890 3244 918 3289 et
934 3255 990 3290 cum
1009 3238 1105 3307 probro
1123 3242 1284 3304 potestatem
1301 3244 1344 3289 at-

247 3320 299 3372 que
323 3302 497 3423 pubernaoula
521 3302 593 3369 regui
620 3303 769 3371 positurum.
808 3305 894 3358 miseri
925 3314 952 3358 et
977 3306 1048 3375 impii
1073 3304 1210 3365 mortalea,
1232 3305 1280 3371 qui
1304 3305 1344 3355 bia

249 3378 401 3425 nuroutant.
437 3388 506 3440 quae
528 3388 635 3439 nomque
651 3389 681 3425 ro
698 3372 757 3439 ipsa
774 3374 882 3426 forsitan
899 3392 950 3427 non
968 3374 1101 3437 evenient,
1126 3390 1206 3440 saepe
1223 3379 1251 3423 ut
1269 3390 1344 3425 mon·

247 3450 303 3493 rtra
320 3440 456 3491 rluorooneo
474 3440 643 3509 pruerlicuut,
661 3447 689 3493 ut
707 3449 815 3510 proptor
832 3442 1005 3495 huiuscemodi
1024 3441 1203 3494 vaticiniorum
1220 3441 1345 3494 formidi-

249 3525 305 3562 nom
327 3507 434 3560 cotrailia
460 3506 705 3578 improbissimorum
731 3511 865 3576 spirituum
889 3513 1027 3564 vaferrimo
1051 3509 1196 3562 calliditate
1215 3510 1346 3561 meditata

250 3576 369 3629 ullootum
386 3578 536 3629 sortiuntur.
574 3578 633 3629 bine
654 3579 719 3630 adeo
743 3579 836 3632 lartum
854 3586 883 3631 ut
899 3580 925 3632 in
943 3583 1034 3649 vulgus
1051 3581 1121 3631 torro
1139 3577 1253 3630 eueniret
1273 3579 1345 3636 Hor-

250 3644 362 3707 nitatur,
384 3653 413 3699 at
436 3645 575 3698 futurorum
601 3654 668 3699 motu
694 3650 828 3715 perculsus
846 3649 982 3718 multisque
1005 3649 1117 3702 millibus
1134 3648 1166 3699 ‹le
1185 3646 1287 3715 populu
1306 3646 1345 3698 iu·

249 3714 345 3783 gulntia
370 3712 524 3782 lrruxpinbile
541 3714 649 3767 onrtrium
666 3714 692 3767 in
709 3732 738 3767 ae
760 3717 844 3769 odium
863 3720 1025 3774 accenderet.
1061 3725 1198 3785 praeterea
1215 3732 1347 3767 commea·

250 3789 305 3836 tum
321 3782 496 3851 restringent,
518 3782 623 3835 militent
646 3784 761 3853 ingentia
785 3788 857 3838 adiro
869 3785 988 3869 pericula
1006 3786 1188 3855 compellebat,
1204 3790 1235 3836 ut
1251 3784 1346 3836 militia

252 3849 359 3904 Panion
376 3851 467 3903 ott-ritu
485 3860 511 3904 et
535 3850 681 3916 inminuta,
704 3853 812 3906 tbrouus
834 3856 884 3906 aibr
901 3856 988 3923 regius
1005 3855 1072 3907 nulla
1088 3853 1217 3905 seditione
1234 3868 1344 3906 ooneuo·

251 3934 306 3974 νει
329 3918 495 3973 nubilitatem
514 3920 644 3974 retineret.
678 3922 752 3990 (17)
777 3932 898 3993 suscepto
919 3923 1000 3989 igitur
1017 3923 1163 3976 diadenmte
1180 3921 1253 3987 regio
1273 3922 1346 3974 Hor·

253 3986 349 4042 minden
373 3990 494 4058 superbia
518 3996 546 4042 et
568 3989 725 4042 corrtunucia
740 3993 827 4044 alatur
842 3992 1050 4046 cousuetudinem
1067 3989 1252 4059 significandae
1268 3990 1346 4043 innu-

203 4128 207 4137 .
252 4056 398 4176 ‘nullorum
420 4056 542 4125 negligit,
565 4068 593 4111 ut
614 4057 657 4143 rpri
675 4058 807 4113 'liberium
826 4061 928 4144 bonore
951 4063 999 4114 boe
1022 4079 1073 4114 nou
1096 4058 1256 4125 dignaretur.
1298 4060 1346 4111 'li-

272 4124 341 4178 ariur
359 4124 396 4177 rllt
414 4126 504 4178 bellurn
531 4134 676 4190 renuntiat,
700 4144 778 4191 orans
797 4137 835 4181 utr
849 4148 899 4199 pun
918 4148 1001 4199 aeque
1020 4131 1054 4182 ab
1073 4135 1185 4196 utraque
1202 4133 1284 4197 parte
1301 4146 1344 4180 οο-

254 4190 360 4249 lorotur.
394 4193 544 4249 llormirrlaa
560 4195 713 4266 legationem
729 4197 848 4253 iruulooti
864 4198 971 4267 lmtigio
988 4204 1158 4270 arperuatua,
1179 4203 1276 4267 aperte
1294 4198 1346 4251 Ro·
