2817 4742
232 280 305 352 190
609 278 933 347 THEOPHYLACTI

229 454 332 538 μαίοις
345 475 380 518 τε
394 452 445 517 καλ
459 447 598 537 Πίρσαις
612 444 848 536 ἀπολελόγημαι.
900 452 927 515 εί
938 447 975 515 δί
984 474 1014 516 τι
1028 454 1090 517 τῶν
1103 447 1315 532 ἔντελεστίρων

230 566 389 641 παρεῖται,
416 551 521 633 σύνες,
548 546 740 637 cidamini,
767 554 804 619 τὸ
821 544 1002 636 λειπὸμενον.
1056 552 1234 637 πολλὰγὰρ
1255 552 1316 618 rinei
1397 599 1399 606 ·

230 664 286 742 τῆς
306 658 436 743 ἀγωνίας
459 656 513 723 τὸν
535 657 678 741 λογισμὸν
708 653 943 740 ἀποδιδράσκειν
964 661 1060 743 φιλεῖ·
1094 655 1150 721 οὐκ
1175 652 1236 719 οίδε
1256 654 1317 739 γάρ

230 756 347 845 didym]
363 759 489 844 μελίτης
502 758 665 842 άνίχεσθαι
681 758 700 843 ἢ
716 760 879 845 φροντίδος
893 760 1049 841 ἐπιβολαῖς
1065 765 1244 842 πειθαρχεῖν
1258 758 1316 837 ἀεί,

233 860 525 948 διαπορθριευούσης
537 862 590 927 τδν
608 868 680 927 νοῦν
696 868 740 950 τῷ
756 857 883 949 ταράχῳ
898 868 953 945 τῆς
967 858 1209 946 συγκυρήσειος.”
1325 872 1341 925 5
1397 894 1398 920 ι

194 985 220 1039 l)
342 963 398 1036 14.
452 962 580 1030 Τούτων
604 962 686 1031 οὐτω
706 965 959 1054 διαλαληθέντων
977 962 1038 1029 riori
1065 970 1128 1029 τῶν
1150 962 1319 1049 πρίσβεων,

230 1071 349 1150 καὶτῆς
363 1063 557 1145 άξιιύσεωςτδ
573 1066 707 1133 πιθανὸν
719 1070 769 1131 καί
782 1067 901 1151 ἐπίχαρι
916 1066 1151 1152 κληρωσαμίνης
1167 1072 1206 1152 τῇ
1215 1064 1322 1155 εὐροίᾳ

203 1184 216 1199 “
230 1177 289 1237 τοῦ
307 1166 398 1254 λόγου
407 1220 418 1253 ,
442 1166 504 1235 ὐπύ
518 1195 551 1235 τε
567 1177 624 1253 τῆς
637 1176 754 1252 βουλῆς
777 1172 828 1233 καί
851 1176 907 1233 τοῦ
925 1167 1152 1256 αὐτοκράτορος
1170 1170 1321 1253 δογματί-

233 1276 314 1354 ζεται
326 1268 533 1357 ἐπικουρήσειν
550 1279 594 1362 τῷ
606 1270 737 1359 Χοσρόῃ
748 1269 935 1354 Ῥωμαίους,
963 1276 1008 1361 τῷ
1035 1274 1069 1336 δὲ
1088 1270 1205 1357 Βαρδμ
1220 1267 1322 1354 κάρτα

231 1378 343 1460 κομιδῇ
366 1372 654 1457 παρασκευάζεσθαι
681 1372 833 1457 πόλεμον,
867 1371 991 1451 άνάξιον
1021 1375 1195 1450 Λατινίδος
1223 1373 1321 1459 ἀρχῆς
1330 1386 1360 1439 10
1393 1361 1394 1364 ¹

232 1484 288 1542 τοῦ
302 1474 530 1564 αὐτοκράτορος
545 1482 702 1564 κρίναντος
716 1477 796 1544 ὅπλα
812 1488 875 1553 τοῖς
896 1476 1035 1543 άδικούσι
1055 1476 1246 1561 παρέχεσθαι
1268 1477 1322 1540 καὶ

232 1578 476 1665 προκινδυνεύειν
491 1588 547 1646 τοῦ
562 1582 605 1665 μὴ
621 1586 717 1645 καλού
735 1580 785 1645 διὰ
801 1580 855 1645 τδν
868 1579 957 1663 ὄγκον
972 1588 1028 1662 τῆς
1042 1576 1245 1661 ὑποσχέσεως,
1269 1580 1324 1642 καὶ

228 1678 404 1765 Ῥωμαίους
419 1686 578 1768 αἰσχίστην
593 1683 835 1765 άναδεξαμίνους
846 1679 995 1747 ὐπόθεσιν
1010 1678 1181 1757 ἀθανάτοις
1195 1679 1322 1745 ὀνείδεσι

233 1786 284 1849 διδ
302 1786 416 1862 παντὸς
430 1786 673 1870 στηλιτεύεσθαι.
726 1786 766 1851 τά
779 1788 834 1865 μίν
848 1778 903 1850 οὐν
921 1792 976 1850 τοῦ
989 1782 1143 1870 δόγματος
1157 1782 1208 1848 ἐπ’
1224 1783 1322 1867 ἐκείνῃ

123 1908 146 1963 p
165 1908 213 1964 111
231 1894 270 1972 τῇ
285 1885 385 1977 ἧμίρρ
399 1892 466 1975 περὶ
480 1890 515 1955 τὸ
530 1895 684 1971 βασίλειον
699 1887 776 1954 άστυ
791 1884 922 1971 ἐξηχεῖτό
935 1914 968 1953 τε
981 1891 1030 1951 καί
1044 1883 1223 1965 ἐπεπόλαζε·
1244 1896 1360 1967 σιμ-16

230 2000 333 2055 πταῖοι
348 1989 382 2054 δ’
398 1990 428 2054 oi
444 1991 584 2076 πρίσβεις
599 1990 816 2077 είσιρρήσαντες
829 1990 905 2074 πρδς
920 1990 973 2055 τδν
987 1992 1132 2073 Καίσαρα
1145 1991 1197 2052 καὶ
1210 1981 1325 2072 δώροις
1397 2019 1399 2102 p

232 2092 492 2175 διακυσμηθίντες
507 2100 676 2175 βασιλικοῖς
702 2096 734 2156 ἐν
757 2091 916 2178 γράμμασι
941 2092 976 2157 τὸ
998 2092 1082 2178 παρὰ
1097 2097 1153 2157 τοῦ
1169 2091 1324 2173 βασιλίως

231 2194 440 2280 άποφίρονται
452 2193 612 2282 ψήφισμα.
652 2197 700 2260 ἐπὶ
714 2194 835 2271 τούτοις
850 2196 885 2259 δὲ
897 2191 951 2259 τάν
965 2220 997 2260 τε
1009 2195 1113 2276 Σαμίν
1128 2196 1178 2259 καί
1193 2199 1325 2277 Χοσρο-

231 2294 380 2383 περόζην,
400 2294 473 2373 τούς
488 2324 520 2363 τε
534 2298 647 2374 άλλους
667 2296 721 2374 οὐς
740 2297 800 2382 ἤδη
819 2295 969 2383 πρότερον
992 2297 1070 2362 κατδ
1087 2298 1142 2363 τδν
1158 2304 1214 2361 τοῦ
1230 2292 1323 2359 πολί-

231 2424 295 2480 μου
309 2400 415 2483 καιρδν
428 2396 533 2486 ᾑρήκει
546 2401 580 2467 τδ
594 2397 773 2481 ‘Fortunio
802 2397 818 2465 i
833 2398 1032 2483 αὐτοκράτωρ
1046 2402 1077 2473 ἐς
1089 2395 1238 2480 λὐσράην
1255 2394 1361 2476 &prat-20

231 2502 702 2583 τοῖςπρέσβεσινίξαπίστειλεν.
753 2499 770 2564 δ
785 2502 842 2581 μίν
858 2494 912 2562 οὐν
933 2496 1133 2579 Χοσρόηςτά
1153 2499 1184 2560 ἐν
1211 2502 1257 2585 τῷ
1270 2504 1325 2578 βι-

230 2603 309 2694 βλίρι
325 2606 382 2666 τοῦ
395 2602 558 2688 Καίσαρος
576 2598 774 2686 διαναγνούς,
800 2597 858 2685 τήν
874 2624 906 2664 τε
920 2605 982 2664 τῶν
994 2596 1150 2683 Ῥωμαίων
1171 2597 1325 2684 άχιισθείς

300 2832 333 2957 Ξὲ
347 2827 444 2955 pappolo
461 2832 528 2891 Euo.
562 2828 660 2906 εὐνοίᾳ
675 2832 721 2890 ΙΡ.
830 2832 856 2887 8.
877 2827 926 2886 καλ
942 2828 1002 2885 add.
1018 2830 1084 2885 Ere.
1195 2832 1238 2888 19.
1256 2829 1327 2892 τοδε

234 3101 308 3173 quari
325 3101 352 3155 in
377 3102 522 3157 thesaurum
550 3104 672 3158 collectas
693 3103 800 3160 irobere.
834 3104 895 3174 quid
913 3103 1032 3156 Romania
1048 3101 1121 3154 iuxta
1136 3105 1217 3169 atquo
1233 3101 1324 3153 Persia

232 3174 392 3243 profuturum
417 3172 571 3239 arbitrarer,
594 3176 657 3227 satia
682 3191 698 3226 o
721 3192 762 3226 me
784 3174 980 3227 demonstratum
1005 3177 1054 3223 est.
1088 3170 1110 3221 ri
1134 3171 1195 3238 quid
1214 3170 1324 3221 aiiouiuo

233 3240 352 3293 momenti
370 3243 545 3324 praetermisi,
569 3251 597 3295 tu
622 3243 648 3296 id
674 3260 721 3313 per
745 3252 791 3307 te,
814 3243 968 3310 imperator,
985 3238 1121 3307 intelliges.
1158 3239 1237 3289 muita
1255 3240 1323 3292 enim
1397 3269 1398 3302 3

232 3308 302 3362 anxii
325 3311 494 3377 cognationes
520 3312 637 3380 fugiunt,
663 3328 719 3365 oum
742 3311 903 3364 necessitudo
928 3309 1100 3360 meditationis
1125 3305 1263 3375 impatiens
1280 3308 1323 3370 sit,
1397 3327 1398 3330 ¹

228 3394 318 3450 meque
336 3379 476 3432 incurrenti
493 3398 571 3433 curae
588 3398 689 3451 temper
706 3382 879 3451 obtemperet,
904 3377 949 3430 ubi
966 3377 1086 3430 accident
1102 3378 1234 3448 quippiam
1250 3393 1325 3429 men·

232 3452 283 3501 teu
304 3448 480 3515 perturbatam
497 3448 546 3501 alio
563 3448 704 3503 avocarit.'’

302 3545 344 3603 14.
378 3547 428 3600 Hir
452 3547 490 3600 ito
513 3545 590 3603 diot'is
612 3569 629 3605 a
651 3551 754 3619 iegato,
777 3566 833 3601 oum
848 3545 973 3600 orationis
989 3547 1107 3615 gravitas
1123 3547 1199 3600 fidem
1217 3552 1245 3600 et
1263 3564 1326 3616 gra-

233 3614 295 3669 tiam
312 3615 431 3686 petitioni
447 3616 619 3687 oonciiioaaet,
636 3620 760 3671 benevolo
778 3634 794 3668 a
809 3626 898 3669 senatu
920 3616 1083 3687 imperatoria
1099 3617 1231 3669 Choaroae
1247 3618 1326 3669 auxi-

234 3686 294 3738 lium
314 3692 341 3738 et
358 3687 384 3737 in
404 3686 536 3737 Varamum
553 3689 686 3741 maximum
708 3686 935 3754 grovisaimumquo
961 3684 1051 3738 beilum
1077 3687 1180 3737 decreto
1197 3686 1324 3745 sancitur,

234 3754 303 3821 quod
321 3756 416 3807 Latino
432 3753 539 3822 imperio
555 3756 656 3808 foedum
673 3756 801 3809 iudicaret
824 3754 964 3821 imperator
981 3771 1051 3806 arna
1067 3754 1203 3807 aceierutia
1220 3753 1324 3806 aurumi-

234 3820 363 3887 nistrare,
388 3831 416 3876 et
443 3832 549 3892 propter
565 3824 761 3890 magnitudinem
784 3825 962 3891 promissorum
981 3840 1027 3892 pro
1046 3823 1205 3892 turpitudine
1224 3837 1323 3889 propu-

234 3906 332 3957 gnare,
356 3893 533 3960 Romanosque
558 3891 792 3959 ignominiosissimo
816 3901 936 3961 ruaoepto
961 3890 1065 3959 negotio
1082 3892 1234 3959 aornpiterua
1253 3887 1324 3957 apud

235 3974 321 4010 ornnes
338 3959 441 4012 infamia
459 3960 580 4029 flagrare.
615 3962 745 4012 decretum
762 3961 843 4027 igitur
859 3962 927 4013 iiiior
945 3960 997 4012 diei
1016 3976 1061 4027 per
1078 3962 1164 4012 urbem
1183 3960 1325 4023 imperoto-

236 4026 300 4078 riam
318 4029 427 4081 omnium
452 4046 498 4081 ora
524 4031 722 4097 pervagabatur.
757 4031 790 4081 ad
813 4030 951 4083 Caesarem
974 4029 1017 4080 die
1035 4027 1121 4095 quinto
1139 4027 1282 4078 introducti
1298 4033 1324 4077 et

237 4096 384 4148 muneribus
406 4097 490 4150 ornati
514 4099 626 4167 dipioma
647 4098 793 4150 auserunt·
815 4102 937 4167 posthaec
965 4098 1071 4155 Sumen,
1101 4095 1325 4161 Choaroperozen,

239 4162 302 4216 aiioa
319 4162 379 4215 item
398 4181 413 4215 a
431 4166 552 4219 Romania
577 4166 636 4220 beili
653 4175 767 4235 tempore
789 4178 880 4236 captor
896 4167 928 4218 ad
946 4167 1079 4218 chosroen
1096 4180 1150 4215 cum
1168 4162 1266 4231 legetis
1283 4182 1326 4216 re·

239 4229 326 4285 mittit
360 4231 489 4290 chosroes
509 4235 594 4289 libello
618 4236 732 4307 perlecto
754 4236 873 4291 virtutem
888 4236 1058 4290 Romanorum
1080 4231 1242 4303 suspicient,
1259 4232 1326 4287 Hie·
