2817 4742
403 296 697 365 maronianum
722 298 779 366 vr.
808 300 865 369 ιο.
1006 277 1008 283 ’
1099 302 1175 371 σοι

66 468 149 550 περὶ
171 466 227 532 τδν
247 464 460 555 αὗτοκριίτορα
480 470 581 547 δίωξις
599 464 735 555 ἓγεγάνει.
786 469 841 535 oris
863 468 925 536 άπδ
945 470 980 534 δι’
996 465 1113 555 τρίπον
1125 475 1176 536 καί

67 569 135 651 τὴν
152 572 257 635 αίτίαν
273 574 434 649 διεξελθεῖν
447 578 502 655 τῆς
516 576 682 658 δραστικῆς
696 574 857 659 προνοίας,
883 581 941 657 τῆς
961 576 1032 659 περὶ
1053 574 1111 659 τὴν
1127 571 1174 641 oi·
1190 581 1213 635 0

66 672 234 758 κουμίνην
248 672 464 759 διατρεχοάσης
475 672 629 759 δσημίραι
637 724 647 754 ,
669 673 818 764 ἀκαμάτῳ
832 702 865 741 τε
879 674 1039 766 ὀφθαλμῷ
1051 678 1173 743 duroto.-
1190 685 1214 737 V
1231 684 1281 741 247

68 773 203 859 ποάσης
223 778 260 843 τά
280 781 370 864 τῇδε,
395 776 450 853 τάς
470 802 502 843 τε
523 776 692 853 ἀντιδόσεις
713 787 776 844 τῶν
797 781 993 860 βεβαομίνιον
1012 778 1089 863 πρὸς
1110 790 1176 857 τοῖς

40 876 262 965 ειλνθρώιιοις
282 876 531 968 πρυτανευοίσης
548 880 604 947 άεί.
657 880 723 965 ἥλω
746 888 791 970 τῷ
811 879 953 970 δακτύλῳ
975 888 1031 963 τῆς
1053 882 1173 967 δίκηςδ

66 989 132 1047 τοῦ
159 980 259 1069 φόνου
281 981 392 1070 πατήρ.
444 984 522 1065 μετὰ
539 981 653 1068 χρόνον
669 984 728 1070 γὰρ
746 986 793 1049 dui
808 986 842 1051 τδ
858 992 1013 1066 βασίλειον
1028 983 1106 1050 ι’ίοτυ
1121 1012 1173 1070 γε·

64 1081 205 1167 νόμενος
225 1087 263 1151 τά
282 1093 339 1169 τῆς
357 1094 477 1173 χρυσῆς
501 1083 597 1171 ζώνης
618 1089 753 1172 ἐπίσημα
769 1096 952 1178 χρυσοσργῷ
973 1090 1093 1174 τεχνίτῃ
1116 1092 1173 1153 τινί

66 1192 280 1271 διαχωνεῦσαι
299 1192 469 1276 παρείχετο.
522 1188 538 1255 ὃ
561 1192 618 1272 μίν
640 1185 694 1256 οὖν
709 1194 845 1275 τεχνίτης
858 1194 896 1257 τὰ
908 1192 985 1272 μίλη
1005 1197 1060 1271 τῆς
1075 1189 1172 1272 ζώνης

65 1290 274 1374 κατανοήσας
287 1295 356 1357 λίαν
375 1292 499 1371 iniusta
518 1290 555 1358 τί
571 1320 603 1358 τε
615 1301 719 1377 σχῆμα
733 1302 790 1377 τῆς
804 1292 986 1380 ἔφηλώσεως
998 1297 1101 1371 βίαιον
1115 1290 1170 1376 τη’ν

25 1414 100 1466 ιοτε
125 1402 187 1461 τοῦ
208 1394 374 1477 προσώπου
398 1394 547 1481 ποιότητα
568 1394 748 1483 βάρβαρον,
774 1398 892 1481 κλοπὴν
907 1398 1089 1483 δραοθηναί
1103 1421 1171 1460 τινα

63 1495 130 1563 ὑπὸ
148 1505 207 1563 τοῦ
221 1498 333 1585 ἀνδρὸς
345 1495 510 1585 ὕπειλήηει.
549 1497 836 1583 παραπεμψάμενος
845 1503 953 1565 Ιτοίνυν
964 1503 997 1564 ίκ
1010 1504 1066 1561 τοῦ
1080 1503 1164 1581 λεγο-
1181 1517 1206 1567 D

63 1603 166 1683 με’νου
181 1602 347 1688 πραίτορος
361 1608 424 1668 τῶν
437 1599 544 1686 δήμων
558 1600 674 1685 ἄνδρας
688 1600 765 1667 ἑπτά
782 1608 947 1688 παρεδίδου
962 1608 1006 1687 τῷ
1020 1603 1166 1683 δικαστη-

65 1706 126 1792 ρίῳ
149 1702 207 1768 τὸν
223 1700 395 1790 βάρβαρον.
448 1705 477 1771 oi
490 1705 545 1789 μὲν
558 1697 614 1769 οὖν
628 1700 905 1785 δψαυχενιζάμενον
920 1707 970 1767 καί
986 1705 1055 1766 λίαν
1070 1728 1167 1766 κατα-
1200 1777 1202 1780 ¹

64 1803 277 1885 στασιάζοντα
297 1808 330 1872 ἓν
350 1814 394 1895 τῷ
409 1806 481 1894 οἷλαρ
498 1812 561 1869 τῶν
576 1802 772 1888 ἐγκλημάτων
788 1807 842 1870 τὸν
855 1805 1019 1892 βάρβαρον
1034 1801 1167 1887 διεκόμι-

29 1913 134 1988 15ζον,
172 1908 304 1993 ἑρμηνία
328 1933 360 1972 τε
389 1903 635 1993 προστησάμενοι
663 1905 934 1974 κατεπυνθάνοντο
960 1903 1059 1972 πόθεν
1082 1907 1167 1995 αὐτῷ

65 2010 166 2095 ζώνης
182 2010 384 2096 περιβλέπων
403 2013 452 2075 καί
471 2012 540 2073 λίαν
553 2015 801 2094 μεγαλοπρεποῦς
821 2008 936 2094 δπίστη
952 2014 1094 2090 λείψανα.
1148 2007 1164 2075 d

63 2117 121 2197 μὲν
136 2107 194 2179 οὖν
208 2112 358 2199 φονευτὴς
382 2110 522 2201 (Γήπαις
535 2113 569 2177 dt
584 2104 675 2188 οὗτος
688 2112 750 2198 άρα
766 2108 926 2196 ἐτύγχανεν
937 2110 999 2198 aiv)
1026 2112 1095 2175 λίαν
1109 2135 1165 2177 σο-

64 2223 217 2303 φιστικαῖς
236 2216 292 2300 τὴν
313 2215 481 2301 ἀπολογίαν
504 2215 672 2301 παρείχετο.
725 2214 746 2280 ἃ
773 2218 807 2280 δὲ
827 2214 906 2295 εἶπε,
943 2222 1043 2279 ταῦτα
1067 2212 1164 2279 ε’κεΐνά

66 2322 140 2385 ἔστι.
167 2326 224 2384 τοῦ
240 2316 470 2405 Λογγοβάρδου
488 2316 748 2399 ἔθνουςἈλβοῦις
765 2318 821 2401 τὴν
833 2316 995 2405 ἡγεμονίαν
1009 2316 1160 2400 λκίκτητο.

29 2415 157 2500 tunicor
176 2424 220 2498 είς
243 2422 342 2507 ἔρωτα
365 2423 545 2487 καταπίπτει
566 2418 704 2497 νεάνιδάς
723 2448 815 2497 τινος.
867 2419 936 2505 ἡδί
950 2428 1048 2497 νεᾶνις
1060 2417 1162 2504 θυγά-

65 2552 150 2611 τριον
172 2522 332 2610 ἐτύγχανεν
348 2523 383 2589 δυ
398 2522 610 2607 Κονιμοάνδοσ
628 2531 684 2589 τοῦ
702 2531 765 2590 τῶν
778 2530 810 2589 Γ
806 2528 947 2609 ηπαίδαιν
962 2520 1162 2608 ἦγεμονεάον-

66 2654 125 2704 τος.
182 2630 244 2694 ἐπεὶ
264 2629 298 2693 dd
319 2638 384 2703 τοῖς
404 2626 507 2711 λόγοις
528 2629 644 2692 πείθειν
666 2627 724 2711 οὐχ
740 2624 804 2703 οἷός
819 2654 850 2693 τε
865 2621 918 2711 ἦν,
944 2630 998 2717 βία
1014 2625 1092 2710 πρὸς
1105 2625 1161 2709 τὴν

66 2736 175 2814 πρᾶξιν
186 2727 347 2815 ἐχώρησεν.
392 2732 517 2815 ἐνέδραν
533 2737 696 2815 τοιγαροῦν
711 2728 941 2815 συστησάμενος
955 2728 1115 2813 ἀδοκήτως
1127 2754 1160 2793 τε

66 2834 241 2917 ἐπιθέμενος
256 2830 428 2919 ἀφαρπάζει
443 2834 500 2914 τὴν
515 2834 672 2918 παρθένον
691 2830 707 2898 d
725 2833 864 2917 ε’ραστής.
907 2836 1051 2897 ἐντεῦθεν
1068 2828 1085 2897 δ
1102 2828 1159 2897 πά·
1176 2844 1200 2896 Ρ
1219 2845 1268 2900 158

32 2942 152 3021 25λεμρς
176 2933 325 3019 λαμβάνει
349 2936 390 2999 τὰ
407 2936 580 3021 σπέρματα.
632 2937 661 3000 οἱ
679 2937 736 3018 μὲν
761 2931 816 2999 οὖν
836 2933 1059 3020 Λογγόβαρδοι
1078 2933 1156 2998 κατά

66 3234 211 3303 qoebsntar.
246 3251 298 3317 pon
315 3232 366 3287 erit
383 3236 466 3286 autem
483 3233 531 3287 abs
548 3251 577 3287 re
594 3233 718 3318 rationem
736 3248 840 3302 quoqne
861 3225 1057 3315 commemorare
1073 3247 1155 3299 agen·

66 3301 1153 3441 innititur.Yttittrsfftzttttt'ittet.‘itrtttztitttr

66 3440 141 3509 digito
156 3441 273 3497 iustitiae
287 3446 380 3511 captus
396 3450 437 3493 est
454 3441 589 3495 homicida.
622 3458 679 3493 nam
698 3459 752 3493 eum
771 3451 833 3510 post
848 3438 1011 3492 intervalium
1027 3439 1152 3507 temporis

67 3508 89 3561 in
105 3513 187 3564 urbem
205 3511 395 3580 imperatoriam
411 3512 542 3573 uenisset,
568 3527 671 3563 aureum
690 3511 801 3563 balteum
817 3511 851 3561 ob
867 3508 983 3575 insignes
999 3508 1026 3560 iu
1044 3524 1076 3560 eo
1092 3508 1152 3559 bul·

67 3577 99 3629 ias
119 3582 266 3631 condendas
286 3579 366 3632 dedit.
403 3580 504 3631 aurifex
525 3580 610 3632 bullas
633 3597 713 3647 opere
737 3578 890 3648 pulcerrimo
912 3584 940 3629 et
961 3575 1044 3629 solido
1068 3592 1150 3629 sonae

68 3647 227 3711 otiabundus,
251 3666 282 3701 ac
300 3648 391 3702 faciem
405 3654 543 3717 praeterea
559 3647 665 3701 hominis
683 3650 817 3700 barbaram
834 3646 957 3699 attentius
974 3644 1150 3710 considerans,

67 3716 153 3771 turtum
170 3718 202 3771 ab
220 3734 252 3769 eo
269 3718 365 3769 facturn
382 3718 529 3787 suspicatus
545 3725 592 3771 est.
625 3716 760 3769 accersitis
781 3716 864 3783 igitur
879 3731 896 3767 s
913 3724 1034 3785 praetore
1049 3714 1148 3783 popuii,

67 3784 103 3851 qui
119 3787 226 3849 dicitur,
242 3786 432 3853 apparitoribus
448 3796 559 3854 septem,
581 3786 717 3837 barbarum
733 3784 857 3837 tribunali
874 3783 962 3836 tradit.
996 3782 1041 3851 qui
1059 3790 1145 3835 erecta

68 3854 157 3909 cervice
173 3854 341 3908 ambulantem
358 3864 386 3907 et
402 3864 574 3909 contumacem
590 3854 617 3905 in
635 3855 792 3924 praetorium
810 3855 956 3915 deducunt,
978 3851 1145 3919 adhibitoque

68 3919 198 3991 interprete
214 3933 342 3993 quaerunt
358 3924 424 3976 unde
441 3924 479 3976 iiii
498 3923 575 3977 baltei
592 3930 643 3975 tam
661 3922 795 3992 conspicui
812 3932 916 3992 tamque
937 3918 1063 3987 magnifici
1081 3935 1143 3987 apo-

69 3988 104 4042 lia.
123 3992 158 4045 ibi
174 3993 327 4045 interfector
343 3992 448 4063 Gepida
464 3993 598 4046 admodum
616 4002 705 4047 astute
721 4010 751 4045 se
766 3992 836 4045 tucri
853 3994 881 4043 iu
898 3992 963 4043 hanc
979 3986 1141 4041 senteutiam.
1208 4053 1212 4058 ἡ

71 4057 267 4128 Langobardicae
290 4061 374 4129 gentis
398 4060 537 4133 principem
563 4061 644 4114 fuisse
667 4061 810 4116 Alboinurn.
843 4061 912 4112 hunc
929 4056 1143 4110 adolescentulam

70 4124 207 4183 cunimundi
228 4131 390 4199 Gepidarum
412 4132 481 4199 regis
503 4129 580 4183 tiliam
597 4131 739 4201 deperisse.
773 4129 817 4183 cui
833 4146 889 4182 cum
905 4126 998 4180 verbis
1009 4124 1076 4193 quod
1096 4143 1144 4178 ro-

69 4193 126 4249 iebst
140 4202 296 4269 persuadere
312 4198 485 4267 nequivisset,
509 4199 542 4253 ad
560 4200 610 4253 virn
634 4197 807 4269 processisse,
829 4196 1028 4266 compositisque
1042 4194 1142 4247 insidiia

70 4261 189 4333 inproviso
206 4269 331 4337 virginem
349 4269 475 4323 invasisse
491 4287 524 4322 ac
541 4270 666 4339 rapuisse.
700 4268 761 4320 iude
778 4267 870 4321 belian
888 4265 1021 4330 extitisse,
1046 4263 1073 4317 in
1089 4280 1142 4333 quo
