2817 4742
479 304 772 372 nlsronltttdut
796 306 831 372 L.
853 308 909 414 il.
1184 310 1236 377 55

127 493 198 547 σος
216 471 262 554 μὴ
279 468 420 558 πηγύζειν
434 474 469 541 cd
483 470 601 562 μύρον·
627 481 672 566 τῷ
689 473 754 542 tna
769 475 828 562 γάρ
843 475 880 544 τῦ
895 475 1036 564 καθαρδν
1049 482 1105 544 τοῦ
1119 477 1164 562 μὴ
1178 505 1234 545 κα-
1250 485 1277 542 Ι)

126 580 251 659 θαροῦ
275 573 312 644 οὗ
337 577 428 659 θέμις
451 575 659 664 ἐφάψασθαι,
685 581 738 644 ’ίνα
761 581 816 645 καί
827 605 857 645 τι
871 585 928 665 τῆς
941 578 1086 665 θύραθεν
1101 583 1239 661 παιδείας

130 671 332 764 προσφόροις
345 679 448 766 ἐνείριυ
461 691 527 759 τοῖς
541 676 717 769 διηγήμασι.
772 678 885 749 τούτου
898 685 978 767 δῆτα
995 684 1043 748 ἐπί
1059 681 1172 767 συχνάς
1186 710 1237 770 γε·

129 779 273 862 νομίνου
293 776 428 869 ἡμέρας,
455 785 506 849 καί
522 791 577 871 τῆς
589 790 754 872 συμφορᾶς
775 787 941 874 ἐπιφανοῦς
952 784 1112 870 γενομένης
1126 791 1165 872 τῇ
1177 783 1236 855 πύ-

90 886 119 942 5
135 887 189 947 λετ
194 930 206 963 ,
231 881 309 968 πρδς
328 884 443 962 πίνθος
467 882 483 952 δ
504 885 600 971 ἱερεύς
622 886 800 973 ἐτέτραπτο.
853 885 995 974 δδύρεται
1010 887 1045 955 sd
1061 884 1236 976 πραττόμε-

61 982 64 988 ’
133 1010 215 1066 νον,
243 991 355 1070 θρηνεῖ
372 993 436 1054 τῶν
457 985 631 1073 θαυμάτων
651 988 708 1074 τὴν
724 985 868 1077 ἐγκοπήν,
888 989 1133 1059 deauctoraret
1142 989 1235 1078 χύρι·

135 1111 227 1172 σμα,
253 1087 312 1172 τὴν
332 1090 443 1175 ζημίαν
462 1089 499 1158 οῦ
519 1091 602 1180 φέρει
612 1140 624 1174 ,
644 1091 702 1178 τὴν
725 1094 826 1160 αέτίαν
844 1095 990 1178 ἐπιζητεῖ,
1015 1093 1073 1179 τὴν
1085 1089 1233 1180 αἰσχύνην

136 1188 179 1258 οῦ
194 1201 344 1277 καρτερεῖ.
394 1195 445 1259 καί
459 1187 497 1280 ἦν
512 1194 599 1286 αύτῷ
614 1191 631 1261 δ
645 1197 716 1278 βίος
728 1194 879 1276 ύβίιοτος,
901 1193 1096 1282 χηρευούσης
1111 1202 1168 1282 τῆς
1181 1198 1233 1264 ἐκ-

135 1295 269 1378 κλησίας
287 1300 345 1362 τοῦ
366 1293 541 1380 θαύματος.
593 1293 645 1362 διά
664 1323 713 1364 τοι
732 1303 827 1365 τοῦτο
848 1306 983 1382 νηστεΐατ
997 1300 1047 1363 καί
1065 1301 1232 1385 προσευχαὶ

73 1405 127 1458 10
136 1394 403 1480 καταβάλλονται,
430 1394 650 1485 στρατεύονται
671 1394 811 1488 δάκρυα,
837 1407 1052 1485 συμμαχοῦσιν
1071 1401 1102 1466 oi
1120 1425 1231 1468 στενα·

134 1501 226 1584 γμοί,
252 1493 400 1585 πάννυχοι
414 1497 530 1587 δεήσεις
542 1499 716 1584 ὁπλίζονται
724 1551 735 1583 ,
761 1505 812 1568 καί
825 1498 926 1569 πάντα
940 1501 1137 1590 συνίρχονται
1153 1498 1230 1571 δαδ-

135 1625 180 1668 σα
196 1597 345 1668 δύνανται
358 1598 457 1690 λύπην
472 1610 551 1672 θεοῦ
563 1611 749 1689 μεταβαλεῖν
762 1605 840 1692 πρὸς
853 1605 909 1672 τδν
921 1605 1016 1676 ἐλεον.
1054 1610 1112 1672 τοῦ
1125 1605 1229 1673 τοίνυν

135 1709 218 1770 θεοῦ
232 1706 282 1770 καλ
296 1705 332 1773 sd
343 1701 444 1790 μύσος
457 1706 708 1792 ύποστραφέντος
722 1713 825 1783 καλῶς
835 1709 885 1772 καί
897 1707 955 1792 τὴν
966 1707 1090 1792 ύγνοιαν
1104 1709 1230 1785 δικαίως

136 1809 361 1892 οέκτείραντος,
387 1810 499 1893 γίνεται
521 1807 595 1874 κατ’
613 1807 688 1894 ύναρ
705 1814 750 1898 τῷ
768 1811 979 1875 ἐπισκοποῦντι
993 1807 1050 1893 τὴν
1066 1802 1155 1875 πάλιν
1169 1835 1227 1876 κα·

78 1919 126 1975 15
136 1907 258 1995 τάδηλα
269 1909 309 1975 ici
324 1911 391 1997 περί
403 1909 460 1996 τὴν
473 1907 601 1996 λεκάνην
616 1907 823 1998 βδελύγματα.
851 1908 937 1994 ύμέν
955 1904 1011 1979 οῦν
1024 1909 1120 1998 ἱερεύς
1132 1907 1226 1990 ῦπεξ·
1242 1925 1266 1981 Ρ
1280 1927 1317 1982 23

132 2009 200 2098 άγει
217 2019 407 2098 παραχρῆμα
422 2019 478 2081 τοῦ
494 2014 577 2101 ispani
592 2013 649 2100 τὴν
664 2013 839 2098 ὠνηθεῖσαν
860 2012 988 2099 λεκάνην
994 2063 1006 2094 ,
1032 2015 1082 2079 καλ
1096 2015 1129 2078 ἐν
1140 2013 1227 2107 μίσιρ

131 2114 192 2198 τὴν
215 2121 333 2201 χαλκῆν
356 2113 550 2204 ἐνεγκάμενος
569 2120 737 2203 προτίθησι
755 2124 800 2208 τῷ
822 2113 992 2200 σεβάσματι
1009 2112 1052 2193 oio
1065 2111 1161 2202 ἆγνὴν
1174 2120 1226 2185 καί

131 2216 326 2305 πρεσβύτιδα
348 2215 472 2304 λάτριν,
500 2217 552 2286 σία
574 2219 733 2305 παρθίνον
752 2219 821 2286 ruod
839 2222 890 2286 καί
903 2219 1057 2305 ἄχραντον
1071 2220 1226 2307 βδελυρῦς

131 2323 283 2407 γοητείας.
334 2324 385 2388 καί
400 2326 479 2407 δῆτα
493 2324 668 2409 παραυτίκα
685 2324 897 2411 ἐπιφαίνονται
911 2315 1006 2400 αὖθις
1018 2319 1058 2387 sd
1073 2317 1224 2405 θαύματα

81 2426 185 2492 maai
204 2427 439 2510 κατομβρίζεται
461 2423 579 2512 μύρον,
606 2421 709 2514 βλύζει
730 2425 766 2493 od
785 2421 937 2512 χάρισμα,
960 2420 1138 2510 πηγάζειτδ
1160 2420 1224 2500 δεύ-

130 2552 238 2613 ρημα,
268 2527 304 2594 sd
337 2525 471 2614 δάκρυον
495 2529 666 2609 στέλλεται,
702 2529 740 2595 sd
766 2527 954 2614 σκυθρωπὸν
976 2524 1149 2607 διαλύεται,
1182 2525 1219 2592 sd
1236 2534 1262 2590 v
1278 2536 1330 2594 150

127 2630 290 2716 βδέλυγμα
306 2627 517 2715 Ιστηλιτεύεται
525 2681 536 2713 ,
561 2634 611 2698 καί
632 2629 723 2697 πάλιν
737 2630 793 2715 τὴν
809 2627 922 2716 ἐαυτῆς
937 2625 1151 2717 περιβάλλεται
1165 2624 1222 2696 dd-
1290 2685 1293 2690 .

128 2737 208 2810 ξαν·
236 2734 358 2816 ἕτοιμος
375 2733 434 2820 γῦρ
454 2737 643 2821 οέκτειριῦσαι
664 2733 739 2810 θεδς
754 2732 887 2816 εῦσεβιῦς
900 2727 1151 2818 πρεσβευόμενος.
1198 2727 1219 2798 ’ὅ

125 2835 185 2914 μέν
200 2828 257 2899 ocis·
271 2836 368 2918 ἱερεύς
383 2839 431 2900 ἐπὶ
447 2837 485 2902 τῦ
499 2839 654 2918 βασίλειον
666 2833 826 2922 γενόμενος
839 2833 974 2916 πόλισμα
980 2884 992 2915 ,
1018 2837 1065 2910 τίς
1081 2858 1114 2899 τε
1130 2829 1147 2900 δ
1162 2857 1219 2899 πε-

83 2936 254 3024 νεκρικῶς
267 2935 324 3020 την
339 2939 481 3002 λεκανίδα
494 2935 555 3004 aiud
568 2945 629 3004 τῶν
646 2937 918 3026 ἐμπορευσαμίνιυν
932 2931 1143 3021 μεμαθηκώς,
1168 2936 1218 3000 ἐπὶ
1233 2943 1257 2998 ii

127 3175 187 3222 turc
204 3166 354 3222 effectorum
371 3185 449 3238 supra
464 3175 580 3223 naturam
597 3168 810 3240 interruptionem
827 3167 963 3240 deplorat,
985 3165 1077 3221 donum
1093 3163 1214 3235 reposcit,

127 3237 308 3300 detrimentum
324 3253 374 3290 non
392 3238 517 3302 sustinet,
535 3255 635 3292 caurum
652 3238 773 3307 indagat,
790 3238 905 3292 δεύεται
913 3235 1074 3303 indignatur,
1091 3232 1214 3286 meleia-

127 3313 296 3377 querutum
316 3307 457 3359 admirabili
477 3306 586 3360 viduata
602 3308 679 3360 vitam
695 3306 745 3359 sibi
764 3307 868 3358 ritatem
885 3321 935 3356 non
953 3309 1037 3372 potet.
1070 3300 1150 3369 igitur
1171 3301 1212 3353 ie·

124 3375 200 3428 iunia
217 3382 245 3428 et
265 3377 483 3444 conprecsttonce
504 3377 689 3436 instituuntur,
712 3373 902 3443 profunduntur
922 3369 1057 3434 heriman,
1083 3370 1212 3422 doemone

124 3445 253 3513 gemitum
276 3451 348 3496 totae
364 3451 452 3496 nomeu
467 3443 494 3494 in
511 3445 560 3495 deo
576 3443 729 3511 suppliciter
744 3441 880 3511 rogitando
896 3447 1039 3511 ponuntur,
1054 3437 1211 3505 ωαῦααςτα-

124 3521 222 3583 turque
238 3511 321 3565 omnia
337 3528 404 3581 quac
419 3512 484 3563 iram
501 3513 556 3564 ciue
573 3519 724 3564 convertere
739 3513 766 3563 iu
782 3509 981 3563 misericordiam
1001 3512 1117 3578 ponant.
1151 3522 1208 3560 cum

123 3581 218 3650 itaque
239 3580 304 3634 deus
326 3588 353 3632 ct
375 3579 542 3634 execrandum
557 3577 619 3631 iliud
635 3581 721 3632 scelus
735 3580 793 3633 iure
816 3585 979 3632 aversaretur
994 3584 1022 3629 et
1036 3573 1208 3643 ignorantiam

124 3649 195 3703 iuste
211 3649 393 3714 miseraretur,
415 3647 562 3718 episcopum
579 3649 613 3702 de
627 3649 803 3702 abominandis
818 3647 899 3701 sacris
914 3647 941 3699 iu
958 3643 1026 3715 peiri
1041 3643 1087 3696 ilia
1101 3642 1208 3695 iactita-

123 3719 160 3770 tis
186 3734 234 3787 per
258 3719 368 3788 quictem
392 3725 485 3771 suonet.
518 3717 561 3770 iile
577 3717 613 3772 nii
628 3728 742 3773 muratus
757 3717 850 3787 pelvim
872 3723 1020 3784 argenteam
1034 3710 1129 3781 templo
1144 3711 1207 3764 sub·

123 3785 213 3851 ducit,
229 3785 375 3857 illatumque
391 3787 419 3840 in
434 3786 541 3840 medium
558 3802 661 3840 aeneum
670 3827 678 3854 ,
695 3787 850 3858 perisde‘ut
862 3794 958 3838 castam
975 3789 1003 3836 et
1018 3779 1146 3862 autiqupm
1163 3781 1207 3832 ia-

124 3856 219 3909 mulam
242 3863 269 3909 et
293 3855 420 3924 virginem¹
438 3855 548 3926 aliquan
570 3855 743 3926 incorruptam
761 3871 810 3924 pro
825 3851 966 3906 execmda
988 3847 1204 3920 praestigiatrice,

121 3924 266 3980 venerabili
282 3931 440 3980 monumento
454 3941 553 3979 rureum
565 3924 677 3978 subiicit.
711 3926 798 3979 statim
815 3939 872 3975 ecee
884 3920 1006 3973 miracuta
1020 3916 1103 3968 denuo
1119 3915 1205 3969 effun-

122 3993 206 4058 dunt,
221 3993 305 4047 oleum
321 3992 432 4064 depluit,
449 3991 599 4047 beneficium
615 3995 739 4061 scaturit,
755 3995 848 4048 donum
864 3988 983 4059 produit,
998 3983 1119 4038 lacrimae
1134 3984 1205 4038 inhi-

120 4060 232 4126 bentur,
262 4062 347 4115 luctus
367 4063 543 4132 praeciditur,
575 4060 684 4115 tristitia
707 4065 827 4131 fugatur,-
852 4057 1029 4130 piacuiumque
1051 4053 1205 4111 detestabile

119 4127 232 4198 perinde
248 4131 320 4183 utin
337 4133 452 4184 coiumua
466 4130 573 4185 incisum
589 4132 755 4199 cognoscitur
771 4133 804 4184 ab
820 4129 950 4190 omnibus,
975 4133 1003 4178 et
1026 4123 1205 4208 pelvis-aenea

119 4196 279 4268 postliminio
291 4199 399 4266 gloriam
412 4217 484 4254 eunsn
499 4205 650 4272 recuperat:
666 4208 775 4269 paratus
791 4205 832 4253 eet
848 4197 914 4250 enim
927 4195 1117 4248 dcustnbuere
1127 4195 1204 4249 mise·

120 4263 260 4321 sinordism
286 4266 330 4337 pie
349 4269 562 4340 supplicantibus.
595 4269 734 4342 episcopus
756 4269 785 4324 iu
804 4269 892 4323 urbem
907 4263 1063 4337 imperiatum
1078 4266 1206 4335 rerum,
