2817 4742
498 321 645 390 REGUM
668 321 704 388 t.
732 319 790 388 lv.
1111 320 1184 392 109

79 487 287 579 ποιήσασθαι
301 491 370 560 δίον
385 491 438 558 ίπί
448 515 482 559 τε
494 492 590 582 σκίπῃ
606 495 657 560 καί
670 499 736 568 soie
749 485 928 572 δνδάμασιν,
956 485 1008 557 οἶα
1021 485 1111 573 τήνδε
1123 516 1184 575 μο-

80 597 148 682 νήν
160 596 346 684 ιλνοικοδομῇ
359 592 596 680 συστησάμενον.
635 602 680 686 τῷ
695 597 730 661 ds*
744 590 851 672 ἐξιόντι
866 595 916 659 καλ
930 591 984 659 τδν
998 595 1120 660 νεανίαν
1134 619 1185 661 τε·

83 699 238 789 &santorp
256 696 481 782 κατεσκληκότα
506 696 650 786 (inanimi
673 700 777 764 τεκαὶ
799 691 990 782 ἀπρονόητον
1009 697 1042 774 ἐξ
1064 698 1185 775 ίνδεοῦς

83 800 318 888 περιστάσεως,
343 797 491 888 ὖφωρᾶτά
513 828 543 867 τι
566 801 645 868 κατὰ
664 801 838 887 φαντασίαν
854 797 979 864 εἴδωλον
994 801 1182 886 ἓμπαρεΐναι,

51 895 131 974 5οὗ
145 912 204 988 τῆς
215 906 343 990 κομιδῆς
354 905 569 989 κατημίλησεν.
619 903 672 971 διὰ
685 909 778 970 τοῦτο
794 895 888 978 αὖθις
903 898 1055 989 δμάρτος
1065 909 1110 993 τῷ
1124 902 1182 968 ar’r-

82 1014 137 1097 τῷ
160 1011 295 1094 διωράτο
317 1005 604 1093 κοτεμβριμάμινος
618 1007 727 1084 lirinus
745 1009 795 1070 καλ
807 1004 862 1070 τδν
876 1005 1006 1084 puertia
1020 1007 1184 1072 Βασίλειον

83 1105 217 1187 πάντως
237 1113 405 1197 εἰσενεγκεῖν
426 1113 476 1176 καί
495 1112 678 1194 κηδεμονίας
688 1107 816 1192 δεούσης
829 1110 1025 1184 καταξιῶσαι.
1076 1115 1133 1174 τοῦ
1148 1110 1184 1175 dd

80 1213 213 1285 Ἰνεανίαν
233 1213 311 1278 sord
333 1212 389 1296 τήν
411 1219 572 1297 λεχθεῖσαν
592 1219 698 1295 κλῆσιν
710 1210 952 1297 ἀποκριναμίνοο
966 1212 1018 1274 καί
1030 1209 1108 1295 πρὸς
1123 1211 1181 1276 αὖ·

81 1315 149 1398 τήν
164 1314 204 1382 τά
219 1321 274 1398 τῆς
292 1313 411 1382 είσάδοσ
425 1313 588 1399 διήνυστο,
617 1313 659 1381 δι’
675 1305 714 1398 ής
729 1316 761 1379 ίν
774 1321 814 1400 τῇ
829 1309 1000 1395 καταλήψει
1014 1320 1069 1396 τῆς
1088 1321 1182 1394 βασι-

33 1430 75 1482 10
83 1420 176 1495 λείας
198 1419 424 1503 ίπιμνησθήνοι
446 1416 561 1499 τοί-της
587 1416 837 1500 είσπράττεοθαι.
888 1413 906 1479 i
929 1418 978 1478 καί
1000 1413 1220 1501 remuniri-c

82 1525 184 1598 ξατο·
208 1520 286 1601 μετὰ
305 1522 364 1605 γάρ
384 1522 440 1603 τήν
452 1527 508 1602 τῆς
521 1517 699 1603 ἁλοσργίδος
714 1519 864 1603 sripturas
879 1513 978 1582 πολλά
991 1542 1023 1583 τε
1036 1521 1087 1582 κοί
1100 1515 1182 1584 πάνυ

83 1621 219 1706 λαμπρά
231 1620 419 1704 άναδήματα
435 1629 478 1710 τῷ
492 1627 633 1708 σεβοστῷ
648 1619 782 1706 μάρτυρι
796 1617 1032 1706 προσενήνοχεν,
1059 1619 1103 1683 ἔτι
1118 1618 1181 1703 μήν

82 1724 146 1808 τήν
167 1722 266 1806 μονήν
285 1727 335 1788 καί
356 1721 506 1807 κτήμασιν
534 1725 649 1799 ἱκανοῖς
672 1719 902 1808 κατελάμπρννε
921 1726 972 1787 sul
993 1721 1183 1805 οἰκοδομίας

80 1828 286 1908 ἓνεοποίησεν.

37 1941 74 1992 15
195 1923 275 1994 Τότε
296 1926 332 1993 δί
352 1952 412 1993 τινι
433 1923 690 2011 προσκεκδλληται
713 1933 776 1992 τῶν
800 1924 877 2010 πρδς
895 1925 1000 2008 γίνοσς
1018 1930 1181 2006 βασιλικοῦ

82 2025 277 2116 μεγιστάνων
298 2029 348 2094 διὰ
365 2035 421 2095 τοῦ
439 2038 686 2115 προστατοῦντος
710 2037 771 2094 τῶν
790 2033 950 2109 μοναχῶν,
972 2030 1082 2113 φιλίοις
1101 2029 1181 2095 κατά

83 2133 146 2215 τήν
169 2131 265 2215 αι’·τήν
289 2131 387 2216 μονήν
407 2140 650 2219 προσφοιτῶντι,
677 2122 702 2219 ᾧ
721 2140 778 2215 τῆς
797 2128 949 2216 ίπάνδροσ
971 2133 1023 2196 καί
1044 2139 1182 2216 νεανικῆς

84 2241 239 2320 συλλογῆς
250 2231 479 2320 δπεφρόντιστο,
504 2234 725 2320 προσεσρηκότι
741 2237 792 2300 καί
805 2233 918 2309 ἄλλους
930 2233 1002 2310 rode
1014 2233 1094 2299 καθ’
1112 2232 1181 2319 ήλι-

85 2341 158 2403 κιάν
172 2335 274 2426 αὐτῷ,
301 2336 374 2402 ἀλλ’
393 2333 557 2415 liniremur
584 2339 681 2426 (πολδ
697 2337 756 2422 γάρ
771 2341 807 2401 sd
819 2340 920 2417 μεῖζον
934 2337 967 2402 δν
982 2334 1102 2412 τούτοις
1118 2341 1183 2402 Bn-

39 2444 198 2515 2onr'lsroc
222 2437 440 2525 ίπεκίκτητο),
476 2443 526 2504 καί
556 2440 676 2517 τούτοις
704 2437 902 2524 ίγιεγόλσάχει
927 2435 1181 2523 σοβαρεσόμενος.

86 2547 291 2628 Θεοφιλίσκος
304 2531 396 2618 οὗτος
408 2537 589 2628 ίξήκουστο·
615 2544 693 2628 πρὸς
705 2542 741 2609 ὃν
756 2542 842 2628 παρὰ
855 2543 1007 2623 βασιλέως
1021 2540 1178 2622 δνθομίλ-
1195 2556 1219 2608 l)

84 2653 174 2731 λησις
188 2647 337 2730 ίκεκίνητο
352 2643 510 2712 εὐθεάτων
522 2650 572 2712 καί
587 2646 735 2734 ἀνδρείων
747 2649 872 2711 νεανιῶν
884 2646 981 2712 ἕνεκα.
1032 2647 1081 2710 καί
1095 2646 1180 2732 παρά

155 2859 182 2914 2.
207 2853 433 2922 σἰνσικοδομεῖλι,
535 2835 715 2926 bisontes
732 2855 763 2908 b.
866 2859 892 2912 d
908 2855 956 2910 καλ
971 2856 1043 2922 crode
1059 2854 1111 2924 τήν
1125 2875 1179 2926 po·
1278 2883 1281 2886 ⁴

154 2921 229 2994 νήνί
249 2924 297 2980 sed
315 2924 392 2979 etiam
409 2941 476 2996 quae
490 2925 629 2996 sequuntur
646 2927 798 2996 perturbata
813 2935 875 2979 sunt
891 2933 919 2979 et
936 2925 980 2977 vls
998 2927 1109 2996 integra.

82 3112 236 3177 troducers‚
257 3118 287 3165 ul
302 3111 348 3184 qul
365 3113 506 3184 imperator
522 3113 723 3177 tenellulum,
742 3111 850 3182 eumque
866 3113 957 3165 iuvere
973 3118 1042 3166 tecto
1059 3118 1087 3166 el
1103 3112 1178 3168 iudu-

83 3182 193 3243 meutis.
210 3188 240 3234 ut
255 3183 300 3251 qui
318 3181 380 3235 illud
397 3182 574 3236 monesterium
591 3188 661 3235 esset
677 3184 874 3237 instauraturus.
908 3182 961 3245 Qui
978 3199 1099 3250 egressus
1114 3184 1178 3237 ado·

83 3251 273 3319 lescentemqus
295 3253 457 3321 conspicatus
481 3251 630 3304 emaciatum
656 3257 682 3302 et
706 3251 863 3312 sordidatum
881 3257 959 3318 etque
975 3250 1097 3304 incultum
1116 3269 1178 3320 pro·

84 3329 143 3389 pter
160 3319 261 3389 iuopem
278 3327 389 3384 ctutum,
405 3329 532 3389 spectrum
550 3320 705 3387 imaginatus
722 3320 874 3389 phantasias
886 3336 949 3371 suas
965 3320 1076 3371 oblatum
1094 3320 1177 3374 iutro·

83 3391 178 3442 ducere
195 3396 224 3441 et
240 3405 333 3440 curare
349 3389 469 3455 neglexit.
504 3391 594 3450 Quare
611 3405 701 3440 rursus
720 3397 818 3454 msrtyr
835 3387 859 3440 ei
876 3387 1013 3457 apparuit,
1030 3386 1177 3460 increpans,
1231 3449 1234 3454 .

83 3459 169 3511 exiret
192 3475 208 3510 a
239 3473 271 3510 us
292 3457 469 3526 imperatorem
494 3457 614 3512 llusilium
636 3457 739 3509 omnino
756 3456 823 3507 intro
844 3463 950 3508 roeuret
966 3473 1104 3526 curemque
1121 3460 1177 3511 eins

83 3528 199 3581 haberet.
248 3541 338 3596 umque
355 3524 503 3577 adulescens
520 3527 553 3579 ad
572 3523 758 3594 pronuntiatum
777 3542 867 3578 nemen
882 3525 1067 3595 respondisset,
1084 3527 1177 3580 introi·

83 3604 126 3648 tus
151 3595 346 3664 perficiebaturr
369 3593 441 3646 cuius
459 3593 498 3645 rei
516 3603 643 3661 occupstn
659 3593 766 3662 imperio
786 3611 880 3647 memor
897 3611 955 3647 esse
972 3595 1054 3648 voluit
1070 3606 1099 3649 et
1115 3615 1131 3650 a
1148 3615 1178 3650 so

58 3691 60 3696 ¹
82 3663 225 3716 mercedem
236 3663 312 3731 exigi.
349 3663 425 3728 Quod
442 3669 470 3714 et
486 3662 645 3714 observavit:
660 3679 717 3714 uem
736 3672 869 3733 postquam
887 3679 1026 3733 purpuram
1041 3665 1177 3726 induisset,

82 3733 162 3786 multa
180 3739 207 3783 et
223 3732 356 3799 splendida
374 3729 482 3790 donaris
505 3730 645 3782 venerabili
667 3732 773 3798 martyri
797 3731 906 3797 obtulit,
930 3741 1065 3802 praeterea
1088 3751 1178 3786 mona·

82 3800 189 3855 sterium
207 3801 408 3868 possessionibus
424 3798 510 3853 multis
526 3799 628 3851 ornarit
644 3807 671 3851 et
687 3800 846 3854 aedificando
866 3800 1031 3854 instaurarit.

151 3871 228 3922 Tunc
252 3877 336 3922 sutem
360 3885 406 3938 per
427 3869 584 3939 praefectura
600 3870 777 3921 monachorum
794 3869 938 3940 applicarit
954 3886 982 3922 sc
999 3868 1033 3921 ad
1051 3865 1177 3936 quendam

82 3938 117 3992 de
140 3938 238 3992 familis
262 3937 427 4020 imperatoris
451 3948 611 4006 magnetem,
637 3937 680 4006 qui
701 3938 828 3991 amicitiae
850 3940 937 4006 gratis
953 3938 979 3989 iu
996 3937 1177 3990 monasterium

83 4014 206 4071 venerut,
225 4014 252 4059 et
268 4021 311 4058 cut
326 4008 354 4060 id
372 4023 449 4060 curae
466 4015 524 4059 erat
541 4013 571 4058 ut
587 4005 703 4058 iuvenum
720 4015 821 4060 statura
837 4007 1029 4076 conspicuorum
1049 4006 1098 4058 sibi
1116 4024 1177 4059 coe·

82 4083 135 4127 turn
149 4083 326 4144 compareret,
343 4092 398 4128 eum
414 4076 463 4129 iam
477 4075 619 4128 invenisset
635 4075 699 4128 allus
716 4075 792 4128 etiarn
810 4076 889 4140 tales,
907 4075 954 4128 sed
971 4074 1082 4128 minores
1099 4077 1175 4142 (nam

82 4144 160 4196 multo
177 4145 273 4198 maiore
290 4152 390 4199 statura
408 4161 482 4214 quum
500 4144 543 4197 isti
562 4143 673 4197 Basilius
712 4144 826 4199 meditus
844 4145 949 4212 erat),
967 4151 995 4195 et
1017 4144 1175 4212 gloriabatur

80 4211 139 4264 istis
152 4212 327 4268 iactabundus.
361 4213 558 4283 'l'heoplrlliscus
575 4215 598 4266 is
615 4163 752 4268 uudiabstr
771 4220 863 4268 contra
879 4229 953 4282 quem
970 4213 1004 4265 ab
1020 4214 1177 4283 imperatore

80 4287 209 4336 certamen
226 4289 320 4337 motum
335 4283 509 4354 speciosorum
526 4291 554 4338 et
570 4283 675 4338 sortium
691 4283 818 4341 iuvenum.
852 4280 1012 4338 dimittitur
1028 4300 1045 4336 a
1061 4282 1176 4336 Caesare
