2817 4742
261 333 333 406 196
421 330 425 337 ’
649 329 975 399 Tflnornrtnffl
1391 403 1392 454 q

260 510 324 574 λα’ίν
344 509 402 589 τῆς
424 502 583 587 ἔκκλησίας
604 499 779 589 γενόμενος,
806 506 977 581 παιωνίζων
992 493 1078 591 ᾆσμα
1094 495 1199 564 ιιαινδν
1218 502 1265 583 τῷ
1277 500 1354 583 Χρι-

261 616 327 699 στῷ
351 607 495 674 ἐπινίκιον
500 654 511 689 ,
538 616 604 682 τοῖς
623 605 678 673 uini
696 613 752 672 τοῦ
768 605 1102 691 κατεικλησιοσθίντος
1116 606 1195 667 λαοῦ
1209 596 1285 667 τάδε
1298 604 1355 667 nori

261 707 447 796 διηγόρευεν.

151 820 245 947 vm}
263 920 280 995 ξ
368 812 424 882 16.
475 816 498 849 “
509 808 575 875 Οὔκ
600 810 633 875 ἓν
654 809 798 894 πολίμοις
817 805 913 891 μόνον
929 811 979 876 καὶ
992 814 1184 892 συμπλοκαῖς
1201 807 1253 871 καί
1269 799 1354 871 inrd-

280 940 325 983 εσι
337 925 403 991 τοῖς
417 911 577 999 σάλπιγξιν
590 909 607 977 ὃ
622 915 728 995 Δαβὶδ
742 910 897 994 ἀλαλάζει,
922 911 1000 978 άλλά
1012 914 1063 977 καλ
1075 913 1107 977 ἓν
1120 906 1247 997 εὖσήμιμ
1260 905 1374 998 ἧμίρρῖ
1392 935 1393 984 q

261 1017 368 1104 ἑορτῆς
381 1024 426 1108 τῷ
443 1020 492 1081 inl
506 1014 631 1081 πάντων
647 1020 780 1096 σαλπίζει
796 1022 873 1104 θεῷ.
925 1016 1029 1101 πρίπει
1045 1014 1104 1099 γάρ
1121 1016 1171 1079 καλ
1184 1017 1356 1092 πολεμικοῖς
1392 1027 1393 1078 3

260 1118 399 1208 ὀργάνοις
426 1118 591 1205 ὖμνεῖσθαι
618 1116 712 1184 θεόν·
745 1115 986 1205 ἀρχιστράτηγος
1010 1117 1069 1203 γάρ
1094 1108 1186 1193 οὗτος
1211 1111 1356 1191 ίιιτάξεως

258 1221 405 1306 κραταιός
427 1249 459 1289 τε
480 1225 530 1287 καὶ
549 1221 682 1297 δυνατὸς
702 1222 734 1287 δν
752 1222 894 1302 παλάμαις
905 1218 1114 1309 πρεσβεύεται.
1166 1222 1217 1284 καί
1232 1222 1266 1296 ἐξ
1280 1208 1354 1301 dar}

240 1352 241 1357 ¹
258 1324 421 1411 εὖδδκησις
438 1326 589 1411 πίιγυκεν,
616 1324 675 1390 ἔδει
700 1350 761 1390 που
782 1322 904 1399 πάντως
919 1319 1081 1409 προελθεῖν
1094 1324 1144 1387 καί
1161 1321 1220 1404 τὴν
1233 1322 1354 1386 σίνεσιν.

258 1433 363 1510 δεῦτε,
388 1431 438 1494 καλ
462 1425 548 1512 ἡμεῖς
569 1437 639 1504 ταῖς
661 1436 785 1511 νοηταῖς
803 1424 1005 1508 άλαλάξωμεν
1020 1424 1177 1510 σάλπιγξι,
1205 1426 1394 1501 catedra-1⁰,

255 1535 354 1609 ναίοις
375 1532 473 1616 φημί,
510 1530 546 1597 οὐ
568 1532 739 1613 κερατίνοις
745 1580 756 1611 ,
790 1527 834 1607 ὡς
849 1530 1010 1605 Ἰουδαίοις
1027 1527 1283 1611 νενομοθέτηται·
1318 1523 1353 1591 οδ

220 1661 244 1715 c
260 1637 319 1723 γὰρ
332 1634 450 1721 άλάγων
464 1634 568 1717 μίλεσι
581 1634 632 1699 διὰ
649 1634 684 1700 τὸ
699 1634 782 1717 παχδ
797 1639 854 1719 τῆς
868 1634 1006 1708 διανοίας
1019 1632 1166 1716 γεραίρειν
1180 1627 1266 1713 ἡμεῖς
1280 1629 1353 1694 θεὸν
1393 1681 1394 1684 ,

258 1735 525 1825 προσετάχθημεν.
579 1735 810 1820 συστησώμεθα
830 1743 906 1822 γοῦν
923 1733 1033 1822 ἑορτὴν
1048 1733 1094 1816 μὴ
1115 1732 1173 1807 ἕως
1184 1738 1247 1796 τῶν
1265 1726 1354 1812 νερά·

256 1866 320 1907 των
334 1849 390 1907 τοῦ
405 1842 631 1924 θυσιαστηρίου
647 1844 695 1905 καὶ
707 1837 803 1923 μόνον
816 1837 982 1925 διήκουσαν
990 1888 1000 1919 ,
1027 1836 1106 1902 ἀλλά
1119 1836 1279 1921 μίχριτῆς
1291 1824 1353 1898 άνω

258 1944 415 2028 ἱεραρχίας
427 1944 523 2007 αὐτοῦ
539 1950 594 2007 τοῦ
609 1950 705 2023 θεοῦ,
733 1934 771 2027 ἧς
787 1943 942 2030 άρχιερεδς
959 1945 1001 2018 είς
1016 1940 1070 2005 adr
1086 1942 1185 2005 αἰῶνα
1203 1936 1283 2003 κατά
1299 1936 1386 2020 crivit

257 2042 345 2122 τάξιν
368 2046 559 2127 Μελχισεδὲκ
581 2040 597 2108 ὃ
620 2046 652 2108 εἰι
675 2048 780 2121 δεξιῶν
801 2054 857 2128 τῆς
878 2041 1098 2130 μεγαλωσύνης
1112 2039 1290 2126 καθήμενος
1304 2042 1353 2106 καί

257 2147 324 2213 ἔστι
349 2149 400 2212 καί
422 2142 611 2228 ὀνομάζεται.
663 2154 707 2235 τῷ
723 2146 787 2212 ὄντι
801 2148 861 2232 γάρ
878 2150 910 2211 ἔν
924 2149 1065 2232 βραχίονι
1075 2141 1189 2229 ιιράτος
1202 2146 1351 2227 ἐποίησεν,

256 2248 315 2337 ὅρη
336 2247 527 2325 ταπεινώσας
547 2244 767 2335 φρυάγματος,
788 2248 931 2315 ιιαθελάν
957 2248 1019 2315 dud
1042 2245 1167 2332 θρόνων
1187 2245 1351 2325 δυνάστας,

255 2356 306 2419 καλ
321 2350 412 2419 πάλιν
429 2349 613 2437 στηλιτεάων
628 2354 677 2417 ini
689 2358 747 2437 τῆς
759 2352 964 2433 Βαβυλωνίας
978 2351 1018 2418 τά
1032 2357 1176 2436 μεγαλεῖα
1192 2356 1249 2415 τοῦ
1261 2345 1351 2414 πνεά-

255 2480 366 2538 ματος.
404 2458 671 2539 δουλαγωγοῦνται
684 2455 743 2541 γάρ
756 2458 875 2532 λίοντες
882 2506 893 2536 ,
921 2459 972 2521 καλ
985 2450 1152 2543 δράκοντες
1166 2454 1385 2536 decusque-2]

256 2582 325 2637 ται,
359 2559 410 2621 καὶ
430 2557 498 2639 Βὴλ
519 2559 568 2619 καὶ
591 2559 727 2641 Μίθρας
749 2558 1024 2642 ἀνδραποδίζονται
1030 2604 1042 2635 ,
1076 2560 1127 2620 καὶ
1147 2552 1352 2635 μαλακεάεται

214 2678 239 2731 ι)
256 2666 338 2743 πῦρ,
363 2653 441 2740 μήτε
460 2654 629 2741 μαρτάρων
647 2658 781 2741 ίσθῆτος
800 2666 990 2744 τυραννῆσαι
1010 2654 1195 2739 δυνάμενον,
1223 2652 1283 2721 ind
1297 2652 1352 2720 νά-

255 2770 345 2851 ηθας
356 2764 407 2828 καλ
420 2764 529 2847 πίττης
540 2756 690 2849 ἀφθόνως
704 2758 977 2851 καταρδευάμενον.
1026 2757 1119 2826 πάλιν
1140 2760 1223 2837 δεξιά
1243 2761 1351 2848 ιιυρίου

253 2996 353 3063 busque
374 2993 514 3061 praeclaris
542 2992 683 3049 victoribus
707 2995 853 3065 panegyrim
876 2994 932 3049 siro
954 2992 1132 3047 celebritatem
1153 2991 1303 3057 instituens,
1333 3009 1348 3047 e

253 3062 357 3117 sublimi
374 3063 498 3116 ecclcsiae
520 3078 662 3133 suggestu,
684 3066 719 3118 ad
745 3064 925 3132 gratulandam
941 3063 1048 3115 Cbristo
1071 3063 1207 3117 victoriam
1222 3063 1348 3117 eanum

253 3148 345 3184 urorum
362 3140 480 3197 cantans,
499 3132 531 3184 ad
549 3134 668 3201 populum
687 3143 868 3201 congregatum
886 3133 924 3185 ita
941 3132 1071 3184 disseruit.

324 3201 366 3254 16.
401 3200 487 3253 “Nun
512 3201 538 3253 in
562 3203 635 3254 bellis
658 3205 830 3254 tantummodo
853 3211 931 3271 atque
952 3202 979 3254 in
997 3202 1103 3270 praeliis
1119 3205 1147 3255 et
1162 3199 1350 3269 congressibus,

254 3266 393 3321 sedetiam
412 3286 437 3321 ru
455 3287 547 3338 unsrgnu
565 3273 608 3325 dre
624 3272 786 3325 solennitatis
802 3271 886 3325 Dnvid
905 3272 953 3325 deo
970 3270 1093 3323 altissimo
1111 3271 1176 3323 tuba
1187 3268 1273 3320 canius
1302 3267 1349 3319 de·

255 3343 297 3388 cet
314 3337 378 3389 enim
396 3337 495 3391 bellicis
512 3357 612 3409 quoque
629 3341 803 3393 instrumentis
819 3341 966 3392 collaudare
983 3340 1073 3402 deum,
1097 3340 1142 3405 qui
1168 3336 1305 3405 primarius
1321 3335 1347 3387 in

254 3422 342 3475 pugna
359 3406 412 3456 dux
430 3408 555 3478 sortisque
572 3419 600 3462 et
617 3419 708 3479 puteus
726 3410 751 3461 in
770 3410 867 3478 praelio
886 3410 994 3471 colitur;
1013 3417 1040 3459 et
1057 3408 1126 3458 unde
1142 3414 1226 3457 natum
1245 3414 1287 3457 cst
1302 3404 1347 3457 de·

254 3490 316 3535 cus,
340 3473 401 3525 inde
417 3474 514 3528 laudem
532 3494 633 3544 quoque
650 3479 791 3547 procederc
808 3480 884 3547 plane
900 3484 1015 3548 oportet.
1049 3474 1196 3542 agitedum,
1219 3489 1267 3526 noa
1283 3491 1347 3543 quo-

255 3559 306 3611 que
323 3541 409 3603 tubis,
434 3560 501 3609 quae
518 3544 686 3614 intelligentia
704 3547 899 3616 percipiuntur,
921 3547 1083 3613 clangamus,
1106 3542 1213 3606 enimin,
1236 3542 1345 3611 iuquam,

254 3628 306 3663 non
323 3608 425 3662 corneis
439 3611 523 3672 tubis,
540 3615 745 3680 quemadmodum
763 3617 804 3667 lex
822 3614 925 3666 ludaeis
942 3611 1102 3681 praescripta
1118 3610 1280 3679 requirebat:
1298 3629 1346 3664 nec

255 3679 321 3733 enim
346 3694 406 3742 uos,
430 3687 461 3730 ut
483 3679 536 3740 illi,
558 3692 664 3751 propter
687 3684 807 3736 mentium
828 3682 1009 3735 hebetudinem
1032 3679 1195 3733 animantium
1212 3680 1345 3733 brutorum

187 3768 188 3773 ¹
254 3748 373 3803 membris
389 3746 507 3799 venerari
525 3747 597 3801 deum
614 3751 675 3802 iussi
692 3769 786 3803 sumus.
820 3750 1003 3802 constituamus
1019 3747 1108 3817 itaque
1125 3748 1191 3802 diem
1206 3749 1345 3811 solennem,

254 3836 305 3871 nun
322 3834 404 3887 usqua
421 3817 452 3868 ad
471 3833 566 3869 cornua
583 3817 673 3871 altaria
689 3821 829 3880 duntaxat,
859 3817 905 3869 scd
931 3833 1013 3886 usque
1034 3820 1066 3871 ad
1092 3819 1226 3871 coelestem
1244 3818 1346 3869 bierar·

254 3886 335 3939 chiam
352 3886 536 3955 pertinentem,
559 3886 631 3938 cuius
648 3890 763 3955 pontifex
781 3887 808 3938 in
824 3896 970 3948 aeteruum,
991 3887 1129 3940 secundum
1146 3888 1261 3939 ordinem
1279 3885 1345 3937 blel-

256 3954 406 4018 cbisedecb,
430 3956 522 4009 sedens
540 3956 573 4006 ad
592 3955 705 4007 dextram
730 3954 871 4007 maiestatis
889 3955 930 4006 dei
949 3961 975 4007 et
992 3964 1033 4007 est
1049 3966 1077 4010 et
1093 3957 1247 4009 nominatur.
1283 3970 1344 4022 prc-

255 4024 326 4075 iecto
343 4027 484 4093 potentiam
502 4024 565 4077 iecit
582 4024 609 4076 iu
627 4024 733 4075 brachio
749 4041 811 4086 suo,
827 4024 945 4076 montium
963 4024 1056 4078 lustum
1075 4025 1234 4087 humiliavit,
1255 4031 1283 4075 et
1298 4022 1343 4074 de-

256 4090 347 4161 positis
362 4094 394 4147 de
411 4095 472 4147 sede
489 4093 638 4163 potentibus
654 4109 755 4144 rursum
773 4094 899 4159 :aguaria
912 4094 1018 4163 spiritus
1029 4112 1108 4163 super
1119 4092 1253 4159 Babylone
1264 4092 1343 4144 omni·

257 4162 304 4212 bus
329 4162 451 4228 prodidit.
484 4164 637 4229 subiguntur
654 4162 720 4214 enim
738 4161 838 4224 leones,
860 4172 886 4215 et
907 4163 1033 4216 dracones
1052 4163 1228 4223 suffocantur,
1253 4167 1280 4212 et
1296 4161 1342 4213 Bel

256 4235 334 4297 atque
350 4228 462 4283 Mitlrras
478 4231 575 4302 captivi
593 4230 764 4283 abducuntur.
800 4230 930 4285 flaccescit
947 4232 1024 4301 ignis,
1042 4240 1070 4285 et
1086 4246 1230 4301 quanquam
1247 4230 1342 4299 naphta

256 4314 287 4352 ac
305 4296 366 4366 pice
387 4296 496 4367 largiter
520 4302 645 4371 inbutus,
669 4317 702 4355 ae
725 4304 823 4355 rernm
846 4300 947 4371 quidem
964 4310 1102 4371 martyrum
1119 4301 1231 4357 adurere
1246 4306 1341 4372 potest.
