2817 4742
263 307 314 377 22
726 306 892 378 GENESII

262 482 390 562 βολικής
403 476 516 559 diptica
534 474 762 565 ὄάνσιρίσιμος
775 471 888 567 χρὸνος
901 474 1105 563 μεμνημῖνος,
1131 468 1356 560 αλνιγμειτιζοά-

263 605 321 665 σης
333 579 449 662 μεταξδ
462 586 517 647 τοῦ
529 606 569 646 τεΙ
575 607 599 664 χ
611 585 662 648 καλ
675 607 700 670 φ
716 589 778 649 τῶν
792 583 947 666 στοιχείων
960 580 1017 663 τήν
1033 582 1217 646 κατακλεῖδα
1235 579 1358 653 λέοντος

263 684 366 769 &neit
387 686 464 770 ξίφει
481 686 775 770 διαπερονηθεῖσαν,
805 685 875 770 ἤτοι
895 685 1010 770 μεταξι)
1025 687 1166 768 Χριστοῦ
1182 687 1239 766 τῆς
1253 678 1356 766 γεννή-

263 810 342 861 σεως
353 787 404 850 καλ
418 793 480 854 τῶν
494 781 607 872 φάτων
621 786 717 854 αὐτὸν
738 787 941 872 ἀναιρεθῆναι
956 786 1010 853 τὸν
1026 781 1234 871 θηριάτροιιον
1251 783 1358 852 Λέον-

262 908 323 954 τα·
349 887 386 953 οδ
406 889 470 972 μήν
489 888 570 957 ἀλλά
593 893 644 957 κοιλ
666 897 774 976 κλῆσις
794 897 853 958 τοῦ
874 885 1096 977 ἀναιρήσοντας
1110 890 1144 954 ἐκ
1158 886 1375 969 creatumve

264 989 418 1075 ὀνείρατος
438 989 579 1082 (ἑωράκει
600 1000 675 1080 γοῦν
696 994 757 1082 πρὸ
778 1000 892 1081 μικροῦ
913 995 966 1062 τάν
982 987 1175 1077 ποτριάρχην
1197 986 1357 1074 Ταράσιον

262 1094 488 1181 δοσφημοῦντο
507 1096 588 1176 μετδ
608 1100 784 1183 παρρησίας
805 1104 860 1182 τῆς
883 1099 990 1172 κακίας
1018 1095 1115 1162 ademi
1136 1093 1176 1160 τδ
1207 1091 1355 1177 λπῖχειρα,

263 1192 341 1282 πράς
354 1193 423 1263 τινά
440 1224 473 1264 τε
493 1198 625 1282 Μιχαήλ
647 1200 812 1286 αὐστηρῶς
835 1194 1115 1284 παρακελευόμενον
1128 1196 1289 1264 ἀναλῶσαι
1302 1193 1356 1260 αδ·

223 1313 250 1368 B
266 1298 337 1379 τόν,
371 1298 408 1376 ὃς
425 1308 470 1390 τῷ
491 1299 714 1383 προστάττοντι
738 1299 925 1386 εὐπειθήσας
952 1326 984 1388 γε
1007 1301 1133 1385 ἕπληξεν
1163 1296 1307 1382 ήμιθανῆ
1327 1322 1355 1362 τε

264 1404 434 1486 κρημνλσοις
449 1405 616 1470 κατέλιπεν.
668 1405 795 1482 ἔξυπνος
806 1407 844 1491 δή
859 1404 987 1492 γεγονῶς
1001 1407 1050 1470 καλ
1074 1409 1179 1492 πολλῶ
1195 1404 1385 1486 σνσχεθελςλῦ

262 1506 381 1587 δείματι
396 1505 431 1572 ed
450 1504 567 1590 δραθῖν
591 1513 630 1596 τῇ
654 1509 719 1598 λδλμ
738 1515 854 1595 γαμετῇ
878 1503 1125 1592 παρεδήλωσεν),
1160 1498 1313 1580 dandene
1326 1503 1356 1567 δῖ’

262 1610 314 1672 καλ
333 1609 367 1673 ἐκ
387 1615 445 1675 τοῦ
465 1610 617 1695 ῥηθέντος
638 1610 724 1700 αὐτῷ
745 1612 797 1678 διδ
820 1618 877 1678 τοῦ
898 1609 1259 1697 πατρικίοιβΒαρδονλοα
1274 1603 1355 1691 παρά

262 1716 320 1775 τοῦ
332 1708 364 1774 ἔν
383 1718 427 1800 τῷ
448 1716 627 1799 Φιλομηλῖῳ
648 1709 855 1794 μονάζοντος,
882 1714 915 1779 ἴκ
935 1739 968 1779 τε
985 1719 1042 1796 τῆς
1054 1707 1295 1799 μετομφιάσεως
1309 1708 1355 1772 καλ

167 1823 201 1880 V.
218 1824 252 1878 10
268 1808 437 1895 ἔπιβάσεως
457 1820 519 1879 τῶν
537 1810 691 1900 ἐσθήτων.
744 1815 828 1897 ὅμως
852 1813 1135 1899 μετακαλεσάμενος
1153 1815 1208 1879 τὸν
1225 1814 1352 1887 neniae,

258 1922 370 1984 τοῦτον
383 1915 533 2003 ἀσφαλῶς
545 1929 648 2003 τηρεῖν
663 1914 742 2003 πρός
755 1944 783 1984 τι
799 1919 912 2002 οἴκημα
927 1915 990 1984 τῶν
1003 1919 1039 1985 τὸ
1053 1914 1205 1983 παλάτιον
1221 1910 1352 1998 σαροάν-
1359 1922 1382 1977 15

260 2041 323 2084 τεσν
348 2019 513 2099 ἐκδέδωκε,
549 2022 768 2103 σιδηροπέδαις
800 2017 1068 2106 ἀσφαλισάμενος,
1102 2008 1145 2083 ῶν
1168 2017 1226 2100 τήν
1249 2021 1351 2084 κλεῖδα

259 2119 292 2182 ἓν
307 2126 352 2207 τῷ
363 2115 518 2207 δπενδάτη
537 2110 812 2187 αὖτσῦἀπόδετον
832 2117 1006 2208 διεφροδρει
1013 2168 1024 2201 ,
1051 2126 1113 2186 τῶν
1128 2118 1231 2187 ἀλλων
1245 2122 1352 2206 μηδενλ

257 2218 375 2306 ταύτην
391 2221 605 2317 πεπιστευκώς.

357 2328 438 2412 Περὶ
449 2333 524 2409 γοῦν
536 2325 710 2413 νυκτερινήν
727 2323 812 2413 ῶραν
826 2323 1007 2402 ἀπαναστὰς
1022 2330 1079 2390 τοῦ
1100 2317 1276 2398 κοιτῶνοςὸ
1293 2327 1351 2401 βο·

256 2427 356 2504 σιλεδς
368 2428 424 2504 τάς
438 2426 617 2513 ἀπαγοελσοις
630 2428 708 2514 πρδς
723 2431 779 2511 τήν
794 2436 850 2494 τοῦ
869 2430 984 2493 παπλον
1002 2427 1117 2510 σκηνὴν
1131 2421 1235 2502 πάσας
1251 2421 1381 2508 &noant

259 2517 415 2604 εὐσδενῶς
430 2526 654 2614 κατηδάφισεν·
678 2523 719 2612 ἦν
731 2530 789 2614 γὰρ
798 2528 947 2612 εὐσθενὴς
960 2524 1041 2594 πάνυ
1050 2524 1348 2615 καλθρασνκάρδιος.

257 2634 314 2697 καῖ·
324 2630 424 2698 ελσιῶν
437 2657 470 2718 γε
483 2627 714 2716 καταλαμβάνει
734 2632 790 2700 τὸν
805 2632 937 2718 Μιχαὴλ
956 2634 999 2710 ele
1013 2632 1069 2717 τήν
1084 2637 1141 2700 τοῦ
1156 2634 1274 2698 παπίον
1287 2633 1349 2698 κλῖ-
1393 2725 1394 2760 q

323 2832 351 2888 d·
367 2829 471 2901 μεταξδ
488 2829 586 2888 addidi.

255 3034 307 3090 quc
324 3018 517 3075 interficiendae
534 3026 603 3076 earet
624 3026 780 3090 compertum
823 3038 852 3076 er
868 3021 1004 3091 imaginem
1027 3018 1177 3074 declarante
1194 3018 1264 3072 iuter
1280 3021 1311 3073 Χ
1323 3021 1347 3070 et
1392 3087 1393 3090 Ἴ

258 3093 283 3143 Φ
304 3087 405 3142 litterae
430 3092 541 3159 iugulum
562 3091 643 3145 leonia
666 3091 765 3145 bestiae
790 3039 877 3161 gladic
895 3091 1058 3154 transfixum,
1081 3089 1137 3142 aive
1158 3088 1226 3141 inter
1252 3087 1347 3141 carim

255 3157 416 3211 nativitatem
440 3169 469 3212 et
490 3159 555 3213 diem
573 3159 675 3229 malama
698 3161 741 3229 (id
764 3170 805 3214 cet
827 3159 1047 3231 Epiphanicrum)
1072 3159 1155 3227 ipeuua
1170 3157 1347 3228 interemptum
1392 3149 1393 3201 l

255 3226 291 3278 iri
307 3226 426 3279 belluinis
446 3229 556 3281 muribus
582 3231 725 3297 praeditum
749 3231 868 3282 Leonam.
905 3228 975 3291 Quin
993 3235 1019 3280 et
1037 3243 1128 3280 nomen
1146 3226 1201 3280 eiua
1219 3225 1264 3297 qui
1282 3227 1346 3278 earet

256 3311 314 3348 eum
335 3295 520 3350 interfecturus
547 3315 578 3349 ex
601 3299 725 3351 inae-nic
748 3298 872 3351 utrinam·
895 3296 1005 3350 immisse
1022 3296 1126 3348 editum.
1161 3295 1265 3362 viderat
1282 3293 1347 3346 euim

254 3365 340 3434 paullo
358 3373 419 3417 aute
436 3365 608 3435 patriarcham
626 3367 761 3420 Taraaium
781 3366 971 3435 praedicantem
992 3363 1102 3417 ominosa
1126 3369 1153 3417 et
1172 3363 1268 3417 audaci
1285 3377 1346 3413 voce

254 3433 369 3486 malitiae
384 3433 440 3486 eius
457 3437 613 3500 mercedem,
636 3438 669 3489 ab
695 3453 779 3504 ecque
803 3434 956 3488 Michaelem
979 3434 1106 3502 quendam
1128 3433 1224 3486 acriter
1247 3428 1346 3482 incitari
1391 3451 1392 3454 ¹

255 3503 289 3552 ad
308 3501 508 3556 interficiendum
525 3504 626 3574 iprum
644 3505 690 3573 qui
708 3502 844 3572 imperanti
860 3502 1040 3570 obtemperans
1058 3500 1228 3573 percuaaiaaet
1250 3499 1345 3569 praeci-
1391 3515 1392 3550 ῑ

255 3569 417 3640 pitatumque
439 3571 625 3626 semimortuum
642 3573 797 3642 reliquisset.
833 3569 1007 3638 Experrectue
1022 3571 1111 3638 itaque
1127 3568 1277 3639 ingentique
1302 3585 1345 3637 pa·
1391 3551 1392 3631 l

253 3657 318 3693 vore
343 3649 434 3708 captua
459 3640 542 3691 visum
565 3642 627 3694 illud
653 3659 716 3694 auae
741 3638 813 3691 uxori
838 3638 1006 3696 indicaverat.
1044 3639 1109 3691 Item
1136 3653 1167 3691 ex
1190 3654 1221 3690 ec
1238 3638 1342 3699 eciebat,

254 3707 325 3780 qued
345 3709 440 3762 dictum
458 3708 483 3761 ei
498 3709 586 3761 luerat
603 3729 649 3779 par
667 3709 804 3777 patricium
823 3709 982 3763 Bardauium
1000 3724 1015 3759 a
1039 3707 1161 3760 mcuaclm
1177 3703 1222 3759 illc
1241 3706 1267 3759 in
1283 3705 1344 3758 Phi·

253 3777 368 3842 lemelia,
386 3787 415 3832 et
431 3777 502 3847 quod
519 3777 627 3831 vestium
650 3780 707 3832 eiua
732 3776 837 3829 alteram
853 3779 909 3847 ipre
926 3778 1060 3837 induerat,
1085 3774 1191 3827 alteriue
1208 3786 1342 3829 extreman

253 3864 325 3901 cram
341 3849 496 3900 calcaverat.
531 3847 651 3900 Ceterum
677 3845 756 3914 papia
781 3847 906 3901 accercito
923 3845 993 3898 illum
1015 3843 1192 3911 (Michaelem)
1210 3856 1353 3898 asservare·
1390 3877 1391 3890 r

253 3917 313 3969 dum
330 3916 356 3968 in
374 3917 482 3984 quedam
500 3916 619 3969 cubiculo
642 3930 728 3967 eorum
751 3914 794 3983 qui
819 3916 940 3984 palatium
959 3922 1065 3966 verrunt
1082 3913 1227 3966 tradiderat
1244 3929 1342 3980 cumpe-
1390 3913 1391 3916 ’

254 3986 329 4068 dilpua
346 3984 470 4049 vinctum,
496 4002 603 4054 quarum
620 3983 719 4037 clavem
742 3981 769 4036 in
786 3982 895 4038 interula
911 3999 958 4034 aua
971 3983 1109 4052 repositam
1125 3984 1266 4046 servabat,
1283 3980 1341 4033 uuili

253 4053 297 4108 ahl
314 4054 579 4190 egpmcpgqqquqqqm
595 4123 659 4176 laura
675 4120 780 4174 circiter
798 4120 877 4175 tertia
893 4117 1046 4173 surrexisset
1063 4119 1095 4174 de
1106 4117 1182 4200 cubili
1197 4117 1340 4200 imperator,

251 4207 336 4242 omnea
352 4193 442 4271 ianuae
458 4209 527 4261 quae
541 4193 576 4245 ad
593 4190 686 4261 papiae
703 4188 842 4244 cubiculum
860 4191 984 4242 ducerent
999 4189 1091 4243 validis
1117 4187 1338 4268 viribuaderecitr
1389 4199 1390 4230 1

251 4266 390 4312 eratenim
407 4260 484 4314 valde
500 4261 623 4315 rcbuatua
640 4269 668 4314 ct
690 4258 827 4314 auimoaue.
862 4259 1046 4330 ingreaeuaqne
1065 4258 1175 4312 offendat
1192 4256 1338 4310 ilrclrueleu
