2817 4742
355 314 647 384 HISTOIiiAiiUM
671 316 731 383 III.
762 318 820 389 11.
1072 317 1143 389 137

60 484 111 551 οὐκ
132 479 201 569 tyni.
250 485 380 570 τίμησον
400 482 498 567 αότό,
530 489 584 553 ἵνα
607 489 659 553 καλ
678 493 815 575 τιμηθῇς
830 484 888 554 ain'
907 485 1016 555 αότοῦ.
1069 491 1145 571 τίμα

59 590 111 671 τὴν
129 588 250 670 μητέρα
273 614 331 656 σου
352 587 409 674 τήν
431 615 504 657 ποτε
527 592 690 675 γενομένην
711 616 768 657 σου
787 591 964 659 δέσποιναν·
998 588 1145 668 cidariu
1165 610 1190 662 V
1208 612 1259 667 188
1346 588 1350 594 ’

60 699 179 774 πρῶτον
204 694 315 768 δοῦλος
337 692 433 777 αὐτῆς
450 686 505 777 ἧς,
532 700 588 759 νῦν
613 696 648 759 δὲ
668 692 745 769 υἱός.
787 697 842 777 μὴ
863 698 1007 780 έπεχαρῇς
1023 696 1186 775 α’ίμαση

60 796 100 879 μὴ
124 792 311 883 κοινωνήσῃς
331 794 453 881 φόνων,
485 796 529 879 μὴ
553 796 647 862 κακόν
668 797 737 862 sissi
762 805 858 863 κακοῦ
880 797 1023 886 άποόῷς,
1048 798 1093 880 μὴ
1107 801 1150 876 είς

42 898 176 982 ripaeos
197 894 356 985 όμοιωθῃς
376 902 452 981 ε’μοί.
505 898 564 983 έγῶ
593 900 651 985 γάρ
683 896 725 976 nie
747 899 919 985 ἄνθρωπος’
940 897 1150 985 είσονόιάσθην

62 999 120 1086 (καί
142 1002 202 1086 γὰρ
226 1002 372 1077 πταιστός
393 998 549 1087 ἐγενόμην)
574 1005 624 1067 καὶ
648 1002 803 1084 άπέλαβον
822 1004 901 1069 κατά
922 1004 979 1081 τὰς
994 993 1150 1090 άμαρτίας

62 1131 128 1185 μου.
182 1103 260 1169 ἀλλά
277 1102 440 1186 όυιόσομαι
455 1116 520 1181 τοῖς
537 1103 684 1189 corrinnei
695 1132 749 1188 μοι
764 1113 857 1172 τοῦτο
873 1109 922 1171 tot
937 1114 993 1172 τοῦ
1008 1103 1152 1191 βήματος

63 1215 114 1272 τοῦ
129 1211 282 1292 Χριστοῦ.
306 1208 351 1292 μὴ
370 1210 551 1292 ἒξεπαιρέτεο
567 1234 599 1274 σε
615 1216 708 1275 τοῦτο
721 1211 758 1275 τό
774 1217 879 1292 σχῆμα
894 1207 935 1286 nic
953 1209 1015 1295 ε’μέ.
1067 1208 1152 1277 οὕτω

63 1308 188 1393 πρόσχες
216 1318 308 1377 πᾶσιν
336 1308 378 1388 ὥς
409 1320 539 1400 σεαυτῷ.
590 1319 691 1396 γνῶθι
713 1316 745 1378 τί
764 1306 803 1395 νἠς
825 1316 874 1377 καί
897 1314 931 1379 τί
949 1310 977 1377 εί
991 1319 1056 1379 νῦν.
1106 1312 1151 1397 μὴ

31 1410 315 1502 ίῡόπερηφανήσῃς,
342 1416 392 1481 καί
408 1415 465 1498 οόχ
479 1412 674 1500 ἁμαρτάνεις.
727 1411 821 1501 οἶδας
829 1418 862 1479 τί
871 1415 953 1499 ἥμην
974 1418 1024 1480 καί
1044 1418 1076 1482 τί
1085 1419 1152 1502 έγε-

65 1514 157 1599 νόμην
174 1520 225 1582 καὶ
240 1521 271 1582 τί
284 1522 354 1600 εἰμι.
406 1516 472 1585 iiior
487 1509 570 1584 οὗτοι
588 1520 678 1584 τέκνα
694 1516 753 1584 σοό
769 1521 826 1585 sios
842 1524 892 1583 καὶ
909 1522 1026 1586 δοῦλοι.
1063 1517 1151 1596 οἶδας

66 1618 184 1685 ὅτιτῶν
201 1619 381 1705 σπλάγχνων
393 1648 455 1703 μου
471 1619 661 1707 προετίμησα
674 1647 719 1689 σε.
769 1617 900 1697 τοότους
916 1623 1038 1703 βλέπων
1060 1620 1152 1699 όλους

64 1720 133 1798 νοός
151 1729 209 1805 τῆς
224 1726 377 1800 πολιτείας
390 1723 520 1803 βλέπεις.
571 1722 701 1808 πρόσεχε
722 1730 767 1812 τῷ
790 1719 965 1809 στρατιώτῃ
987 1748 1055 1790 σου.
1107 1723 1151 1808 μη

64 1824 258 1909 συκοφάντας
273 1828 436 1913 προσάέξῃ.
475 1826 520 1909 μὴ
536 1826 644 1892 είντωσί
654 1828 708 1891 σοί
719 1850 797 1902 τινες
808 1824 855 1892 ὅτι
870 1822 887 1891 ό
903 1826 963 1909 πρό
978 1833 1036 1891 σοῦ
1050 1822 1149 1903 οὕτως
1165 1836 1189 1891 0

35 1928 221 2011 15όιεγένετο·
247 1936 347 1995 ταῦτα
361 1927 421 2015 γάρ
435 1928 511 2013 λέγω
526 1928 578 2015 ἀφ’
597 1921 634 1994 οὗ
649 1930 780 2000 ἔπαθον.
821 1929 850 1994 ni
865 1929 984 2011 ἔχοντες
999 1929 1155 1996 άπολαυέ·

67 2054 165 2093 anons
179 2027 303 2096 αὐτῶν·
334 2043 399 2108 τοῖς
419 2034 452 2097 δέ
465 2032 510 2114 μὴ
526 2032 628 2113 έχουσι
642 2028 812 2116 διόρησειι.”
864 2035 915 2096 καί
927 2031 1006 2115 μετά
1019 2031 1055 2098 τό
1071 2034 1155 2116 γενέ-

69 2138 142 2196 σθαι
154 2131 210 2214 τὴν
226 2132 317 2214 εόχὴν
331 2134 416 2215 παρὰ
432 2140 487 2198 τοῦ
500 2132 711 2218 πατριάρχου,
739 2136 789 2198 καὶ
805 2140 953 2218 λεχθῆναι
973 2134 1060 2218 παρά
1075 2132 1156 2200 πάν·

69 2259 128 2297 τιον
141 2234 176 2300 τό
190 2232 272 2319 άμήν
279 2244 291 2313 ,’
315 2237 366 2299 καὶ
381 2245 481 2299 πεσεῖν
495 2234 548 2299 τόν
563 2240 710 2321 Καίσαρα
725 2236 855 2311 siccariae
879 2233 977 2313 πόιλας
991 2244 1048 2303 τοῦ
1061 2244 1157 2317 βασι-

71 2336 157 2416 λέως,
184 2336 361 2425 λέγεναότῷ
378 2333 554 2417 intonantia
583 2336 659 2402 “itin
675 2337 788 2424 θέλῃς,
814 2339 892 2421 είμί·
919 2338 975 2405 itis
988 2339 1033 2423 μὴ
1046 2340 1154 2427 θέλῃς,

39 2440 125 2503 tucis
139 2443 209 2521 είμί.
260 2436 277 2507 ό
305 2439 379 2514 θεός
402 2436 567 2522 όπυιὴσας
584 2439 640 2505 τόν
663 2439 795 2524 οὐρανόν
811 2442 862 2505 καί
882 2440 940 2526 τὴν
952 2447 1028 2527 γῆν,
1054 2438 1157 2508 πάντα

72 2540 127 2607 ion
139 2540 336 2626 ἐπελαθόμην
349 2546 440 2608 είπεΐν
451 2568 517 2621 σοι,
539 2540 633 2618 caristie
647 2530 768 2629 ἐμβάλῃ
789 2546 831 2619 είς
847 2542 904 2627 τὴν
923 2545 1053 2630 κορόίαν
1067 2544 1157 2612 σου.”

73 2652 165 2711 ταῦτα
185 2649 377 2731 ε’λέγχθηοαν
397 2649 471 2729 μηνί
488 2647 689 2737 Δεκεμβρίῳ,
722 2642 859 2731 ἱβιλόμης
878 2642 978 2740 ἧμέρρ
994 2647 1083 2737 ἕκτῃ,
1109 2650 1157 2714 is-

135 2825 160 2881 4.
177 2826 257 2899 φόνῳ
273 2825 316 2878 li’.

78 2987 128 3041 nat3
146 2998 211 3047 quae
232 2980 343 3043 honora,
360 2986 388 3033 ut
405 2980 449 3033 iiia
466 2978 577 3034 vicissim
599 2988 627 3035 te
643 2981 775 3034 honorent
810 2986 917 3034 matrem
933 2986 1003 3035 toan
1020 2978 1158 3049 (Sophiam

78 3050 220 3117 trigonam)
238 3050 374 3119 aliqnando
390 3049 515 3104 donuinam
533 3058 600 3103 tuam
620 3067 751 3103 tenerare.
785 3050 837 3102 scis
854 3059 882 3102 te
899 3061 961 3105 tune
977 3049 1034 3102 cius
1051 3067 1108 3103 esse
1124 3052 1159 3104 ti·

79 3115 148 3179 iinn,
174 3120 248 3171 cuins
272 3127 348 3171 antea
365 3135 456 3172 servus
478 3119 559 3172 inisti.
596 3119 649 3173 noli
671 3120 786 3187 gaudere
807 3120 948 3187 sanguine,
972 3136 1021 3171 nec
1036 3120 1159 3174 caedibus

80 3187 233 3239 communica.
269 3206 303 3240 ne
325 3189 413 3241 maium
437 3190 502 3242 maio
524 3206 669 3259 compensa.
704 3207 737 3242 ne
760 3199 789 3242 te
811 3189 952 3242 inritatione
975 3186 1026 3241 urei
1043 3188 1159 3242 odiosum

79 3256 159 3307 redde.
196 3272 245 3323 ego
262 3257 326 3308 enirn
345 3266 374 3310 ut
390 3258 464 3311 Ιιοτοο
481 3258 611 3329 ingressus
627 3275 681 3310 sunr
698 3260 731 3311 au
749 3258 904 3328 peccantium
922 3255 1055 3378 prcciivis,
1072 3265 1100 3311 et
1116 3276 1160 3311 se·

80 3324 178 3376 cundunr
203 3330 312 3394 peccata
333 3342 389 3380 ntea
412 3328 508 3395 recepi.
543 3336 709 3380 veruntamen
732 3328 801 3397 apud
818 3327 921 3380 tribuna
948 3325 1047 3379 Christi
1063 3326 1159 3380 iudicio

80 3408 125 3444 cun
142 3394 180 3446 his
196 3394 362 3456 contendam,
386 3396 429 3463 qui
449 3398 498 3449 iroc
515 3396 575 3449 rniiri
598 3396 720 3449 iecerunt.
757 3414 789 3448 ne
811 3404 839 3449 te
856 3396 959 3448 habitus
976 3396 1042 3457 iste,
1064 3402 1093 3447 ut
1110 3413 1160 3460 sne,

80 3462 184 3515 extollat.
220 3461 336 3515 omatibus
354 3464 462 3530 perinde
479 3471 510 3517 nt
526 3465 675 3531 tibimetipsi
693 3464 806 3517 attende.
840 3481 918 3516 nosce
941 3463 986 3534 qui
1002 3480 1084 3532 nuper
1101 3466 1163 3517 tne-
1195 3473 1197 3478 ’

81 3529 124 3588 ris,
149 3532 236 3599 etqui
254 3532 280 3583 in
300 3532 500 3599 praesentiarum
524 3534 569 3586 sis.
605 3550 637 3584 ue
662 3534 787 3600 superbus
811 3542 882 3597 esto,
913 3539 941 3586 et
962 3550 1014 3585 non
1032 3533 1162 3601 peccabis,

82 3597 133 3664 quid
151 3600 242 3653 inerint
258 3608 287 3653 et
304 3599 365 3669 quisi
384 3602 469 3653 iactus
487 3601 551 3662 sint,
569 3601 649 3652 viden.
686 3601 800 3655 universi
816 3602 859 3655 isti
874 3610 907 3664 ‚et
928 3602 998 3656 servi
1015 3613 1043 3655 et
1058 3601 1106 3654 tiiii
1122 3605 1162 3654 tui

82 3674 138 3719 surrt.
172 3669 240 3721 trosti
258 3669 383 3738 ‹ltroruosio
400 3678 427 3721 te
446 3670 502 3739 pius
525 3670 667 3722 viscoribus
684 3672 746 3723 nscia
764 3669 905 3725 dilexerint.
940 3674 988 3725 iios
1006 3689 1061 3724 cunr
1079 3670 1164 3733 vinea,

84 3749 128 3788 tarn
150 3738 273 3805 publica·
297 3744 377 3791 toturn
402 3738 484 3791 uides.
518 3738 633 3791 studiose
657 3740 775 3809 prospice
793 3740 868 3793 militi
884 3751 937 3793 tuo.
973 3742 1163 3794 obtrectatores

84 3816 201 3859 aversare
237 3824 270 3858 ne
287 3826 318 3860 eo
337 3808 385 3861 tibi
402 3808 506 3876 quidarn
525 3810 715 3877 persuadeant,
732 3809 796 3879 quis
812 3810 934 3863 decessor
951 3817 1010 3862 tuus
1027 3809 1068 3859 nis
1085 3807 1164 3859 nuri-

85 3870 125 3922 bus
141 3876 233 3929 tuerit:
260 3876 322 3928 haec
336 3878 405 3929 enirn
428 3878 534 3929 esioctus
551 3878 617 3931 nsaio
634 3896 689 3931 naen
707 3887 735 3931 te
750 3880 847 3931 hortor.
882 3874 978 3971 ouibus
994 3874 1165 3945 suppeditant

86 3939 224 4008 facultates,
242 3943 275 3995 iia
293 3946 423 4000 iruuntore
442 3946 657 4015 quincianum,
682 3956 738 4000 tute
761 3947 887 4016 largitor)
931 3944 1024 3997 deiude
1042 3961 1097 3997 cusa
1134 3963 1165 3999 a·

87 4009 185 4065 triarcira
202 4014 361 4084 precationis
383 4032 485 4067 carmen
510 4014 628 4079 finisset,
652 4034 788 4086 onnresquc
813 4015 983 4069 subiecissent
1002 4030 1091 4078 auten,
1133 4013 1177 4066 i·-

87 4074 210 4151 bcrinoquc
227 4083 261 4135 ad
280 4084 359 4153 pedes
382 4084 545 4153 imperatorio
571 4102 628 4137 aesc
645 4087 845 4155 prostravisset,
869 4086 908 4135 nit
925 4081 949 4134 ei
967 4082 1106 4151 imperator
1123 4082 1164 4136 “si

90 4146 201 4215 vulneris,
226 4170 294 4217 suni,
323 4152 345 4204 si
364 4154 492 4216 nolueris,
520 4171 570 4207 non
587 4172 650 4207 susn.
685 4155 749 4206 dous
773 4154 817 4222 qui
836 4152 937 4204 crearit
953 4152 1049 4205 coelum
1066 4159 1094 4205 et
1109 4159 1164 4207 ter·

90 4226 147 4279 ran,
167 4238 332 4291 quaecunque
357 4223 403 4274 tibi
429 4223 524 4276 obiitus
547 4240 601 4275 anni
625 4224 728 4285 dicere,
746 4221 818 4274 cordi
840 4230 885 4273 tuo
903 4216 1046 4275 infundat.”
1080 4229 1162 4292 atque

91 4278 143 4335 iaec
158 4303 240 4343 uenae
256 4290 408 4356 Decembri,
423 4300 498 4347 sexta
518 4291 561 4346 die
578 4291 759 4356 hebdomadis,
776 4289 916 4345 indictione
932 4307 998 4346 nona
1014 4292 1163 4362 prolocutus
