2817 4742
387 328 676 401 mstottttuuut
700 331 772 401 vtt.
801 331 858 404 17.
1095 334 1171 407 307

71 503 137 589 η’ἀρ
159 506 210 568 καί
228 502 265 569 vt
283 506 402 585 ψεῦδος
425 508 482 591 τῆς
506 528 540 569 τε
560 496 803 585 ποταμοχώστου
824 510 880 589 γῆς
900 504 1082 571 coladula
1102 516 1168 584 ταῖς

70 605 253 692 ἀραιώμασι
274 607 446 691 τηκομένων
467 602 609 686 δδάτων,
637 606 790 691 ίπιφανών
808 606 906 674 άντων
922 615 984 675 τῶν
999 609 1031 672 ἓν
1046 606 1166 687 τοότοις

69 711 215 795 ἐλέγχων.
267 706 283 775 δ
304 712 361 793 μέν
382 709 441 795 γάρ
456 710 645 792 Μαίανδρος
655 709 794 790 ποταμδς
809 713 888 777 notai
902 711 958 795 τὴν
969 710 1074 777 Ἀσέαν
1089 718 1166 778 πολ-

68 812 133 897 λὴν
151 809 258 897 χώραν
277 815 418 894 πεποίηκε
438 806 698 894 ποταμόχωστον·
721 814 829 897 καίπερ
850 820 912 879 τῶν
932 810 1203 896 συμβαινόντωνΒ

40 928 61 981 5
69 917 145 1001 περί
169 915 226 1000 τὴν
250 911 464 998 ἀναπλήρωσιν
480 920 536 979 τοῦ
550 918 664 979 Νείλου
681 912 715 978 τδ
729 910 858 980 σύνολον
871 915 962 982 οὐδέν
976 922 1103 1001 θεωρεῒς
1117 944 1166 1002 ηι-

67 1016 214 1101 νόμενον.
264 1016 342 1081 ἀλλά
357 1018 408 1081 καί
426 1018 494 1098 περί
506 1015 562 1100 τὴν
572 1014 771 1100 Ἀκαρνανίαν
785 1014 801 1083 ό
818 1013 1006 1101 κωλυόμενος
1017 1018 1165 1109 Ἀχελῷος

66 1120 214 1200 ποταμός
231 1120 301 1202 περί
316 1144 349 1184 τε
367 1118 424 1202 τὴν
445 1121 600 1186 Βοιωτίαν
620 1115 637 1183 δ
659 1118 801 1203 Κηφισός
820 1118 852 1185 έν
874 1127 937 1186 τῶν
956 1124 1089 1189 Φωκέων
1107 1123 1163 1189 οὖν

66 1221 176 1305 ὀλίγην
198 1219 304 1306 χώραν
323 1222 539 1306 προσέχωσαν,
562 1218 615 1306 ἐφ’
636 1211 679 1285 ὧν
700 1222 882 1309 ἀμφοτέρων
902 1224 1050 1307 ἐλέγχεται
1066 1250 1163 1311 φανε·

66 1330 134 1408 ρώς
148 1330 204 1387 τοῦ
220 1321 352 1410 Ἐηόρου
368 1323 404 1390 τδ
418 1320 544 1406 ψεῦδος.
595 1324 646 1387 καί
668 1332 768 1389 ταῦτα
781 1326 837 1407 μέν
852 1325 928 1410 πρδς
944 1329 998 1391 τδν
1006 1325 1161 1413 Ἔφορον·

23 1442 57 1495 10
67 1434 134 1492 τῶν
153 1427 189 1491 δέ
208 1427 241 1490 έν
262 1428 406 1513 Μέμφιδι
427 1423 608 1512 φιλοσόφων
629 1427 709 1501 τινές
729 1428 922 1512 ἐπεχείρησαν
943 1430 1045 1494 αίτίαν
1060 1430 1163 1517 φέρειν

63 1536 125 1612 τῆς
143 1527 328 1614 πληρώσεως
342 1526 468 1612 ταάτην.
519 1530 597 1615 φασί
611 1530 796 1615 διαιρεῖσθαι
810 1534 852 1608 εἷς
864 1532 934 1617 τρία
948 1531 1005 1614 τὴν
1016 1537 1085 1616 γῆν,
1111 1516 1163 1598 ναί

62 1628 100 1696 έν
113 1632 173 1714 μέν
182 1629 301 1697 ὖπεῖναι
314 1632 350 1698 τὸ
364 1632 442 1697 κατά
457 1631 513 1714 τὴν
526 1628 675 1714 ἡμετέραν
688 1633 868 1717 οίκουμίνην
893 1634 982 1721 (δέον
992 1633 1050 1717 γάρ
1063 1632 1163 1713 οὕτως

65 1733 203 1821 stacta),
240 1736 341 1818 έτερον
369 1736 403 1798 δέ
432 1733 467 1798 τδ
499 1729 619 1806 τούτοις
637 1742 701 1806 τοῖς
720 1729 827 1808 τόποις
844 1734 1070 1811 ἀντιπεπονθὸς
1093 1748 1162 1814 ταῖς

51 1835 181 1923 μόραις,
210 1836 245 1902 ri
267 1837 301 1900 δέ
319 1838 422 1917 τρίτον
441 1832 556 1914 μεταξὺ
578 1839 700 1898 νεῖσθαι
722 1831 860 1915 τοάτων,
886 1832 1032 1920 δπάρχειν
1051 1840 1086 1902 δέ
1108 1841 1161 1904 ναί

24 1959 56 2010 15
65 1940 119 2005 διά
135 1945 240 2019 καῦμα
254 1940 322 2001 λίαν
335 1936 488 2020 ἀοίκητον.
538 1938 565 2001 εί
576 1937 632 2017 μέν
644 1928 699 2001 σόν
715 1933 731 2003 ό
745 1941 854 2015 Νεῖλος
869 1940 996 2004 ἐποιεῖτο
1011 1939 1067 2016 τάς
1082 1938 1158 2007 ἀνα·
1175 1964 1200 2019 c

62 2038 173 2124 βάσεις
196 2038 275 2110 κατὰ
297 2040 351 2105 τδν
372 2047 429 2105 τοῦ
451 2045 600 2122 χειμῶνος
622 2034 730 2123 καιρόν
735 2089 746 2119 ,
780 2043 875 2125 δῆλον
893 2038 1026 2127 όπῆρχεν
1049 2038 1091 2120 ὥς
1112 2044 1161 2109 tut

62 2150 123 2227 τῆς
138 2141 221 2207 καθ’
239 2137 322 2225 ἡμᾶς
335 2139 431 2226 ζώνης
443 2138 591 2224 λαμβάνει
603 2139 660 2225 τὴν
675 2140 855 2228 σόρρευσιν,
884 2145 935 2209 διδ
953 2144 988 2210 τδ
1004 2148 1070 2231 περί
1086 2140 1162 2212 τοά-

62 2270 141 2321 τους
162 2244 237 2322 τοὺς
256 2244 380 2328 καιροδς
397 2242 531 2326 μάλιστα
553 2247 693 2329 γίνεσθαι
713 2244 790 2331 παρ’
814 2243 887 2329 ἡμῖν
908 2246 965 2322 τάς
981 2248 1161 2335 έπομβρίας.

65 2350 130 2414 luci
151 2348 330 2413 τούναντίον
352 2350 420 2434 περὶ
440 2348 476 2412 τδ
496 2347 591 2432 θίρος
613 2351 802 2431 πληροῦται,
825 2346 959 2413 πιθανόν
982 2346 1057 2415 εἶναι
1079 2350 1160 2417 κατά

25 2452 141 2528 monnio
165 2449 387 2532 ἀντικειμένους
405 2447 520 2526 τόπους
540 2454 708 2535 γεννᾶσθαι
736 2452 810 2525 τοὺς
837 2457 1005 2533 χειμῶνας,
1042 2454 1093 2515 καί
1121 2452 1159 2518 τδ

66 2551 235 2633 πλεονάζον
253 2561 316 2619 τῶν
340 2552 413 2618 κατ’
438 2555 567 2629 ίνείνους
587 2551 660 2628 τοδς
680 2549 796 2629 τόπους
811 2549 934 2619 ἀδάτων
948 2556 990 2631 είς
1004 2552 1060 2637 τὴν
1076 2552 1158 2620 καθ’

64 2655 150 2741 ἡμᾶς
171 2659 312 2740 γίνεσθαι
331 2656 519 2741 οἰκουμένην.
570 2654 619 2721 διδ
634 2656 684 2721 ναί
697 2655 775 2742 πρὸς
789 2655 846 2732 τάς
861 2655 961 2742 πηγάς
975 2663 1032 2723 τοῦ
1046 2660 1160 2723 Νείλου

64 2760 187 2844 μηδένα
208 2756 365 2826 δύνασθαι
386 2765 571 2848 παρελθεῖν,
597 2754 641 2836 ὥς
660 2756 699 2826 ἀν
719 2759 753 2824 έν
772 2765 828 2845 τῆς
843 2760 982 2836 ίναντίας
996 2755 1091 2845 ζώνης
1106 2758 1160 2826 διδ
1192 2798 1197 2808 ·

133 2989 161 3044 4.
177 2987 296 3058 καίπερ]
310 2987 357 3045 καί
373 2988 435 3059 περί
451 2988 496 3042 tr.

66 3194 171 3248 flumina
187 3199 216 3248 et
231 3193 258 3246 in
275 3192 346 3247 cavia
361 3198 448 3246 terrae
468 3190 594 3263 liquentes
609 3207 689 3262 aquae
705 3188 832 3255 existere,
856 3208 912 3247 cum
928 3192 988 3264 ipaa
1004 3194 1093 3247 harum
1110 3210 1154 3248 ae·

65 3267 206 3318 aertionuna
228 3263 329 3317 lalaitaa
352 3261 485 3315 manilcota
501 3262 543 3314 nit.
577 3278 635 3314 uam
652 3263 792 3315 Maeander
811 3261 888 3314 Asiae
904 3262 999 3315 fluviua
1016 3265 1159 3335 permulta

65 3335 151 3401 apntia
172 3335 221 3385 aub
244 3343 316 3385 terra
335 3338 421 3383 manat
458 3349 505 3383 nec
529 3340 614 3383 tomen
637 3329 663 3382 in
686 3329 856 3399 suscipiendis
880 3332 998 3385 auctibus
1022 3332 1159 3402 quidquem

66 3405 166 3454 omnino
190 3403 216 3453 ei
238 3402 292 3453 tole
315 3401 391 3470 quala
407 3369 470 3455 llilo
488 3401 590 3453 evenire
607 3400 730 3452 cernitur.
764 3398 917 3467 quinetiam
935 3403 1092 3469 Acarnaniae
1108 3400 1161 3454 ssu-

66 3472 123 3523 vius
140 3472 267 3524 Achcluuc
286 3477 313 3521 et
330 3470 453 3522 Boeotiae
470 3469 613 3539 Cephisus,
638 3487 653 3520 e
671 3466 782 3519 Phocide
805 3467 945 3534 oriundus,
968 3486 1017 3521 non
1034 3467 1159 3523 modicum

66 3548 190 3593 terrarum
213 3539 436 3599 aubterlabuutur;
461 3539 507 3606 qui
528 3540 602 3590 ambo
626 3537 754 3605 Ephorum
779 3544 885 3602 apertae
906 3538 1031 3590 vacuitatis
1052 3538 1159 3592 conrin-

66 3617 134 3662 cuut.
165 3616 193 3660 ct
211 3609 276 3660 hacc
294 3607 395 3675 quidem
412 3606 535 3670 adyeuaua
555 3606 691 3673 Ephorum.
717 3604 874 3675 hlemphitici
893 3606 995 3673 quidam
1014 3606 1158 3675 philosophi

66 3675 212 3730 incrementi
230 3676 307 3727 huiue
322 3673 396 3727 iatam
414 3692 515 3727 caueam
533 3676 629 3727 afferre
646 3673 702 3726 auci
720 3681 786 3725 aunt.
820 3673 936 3728 tellurem
954 3676 980 3727 in
998 3683 1051 3727 trec
1068 3684 1159 3745 partas

67 3747 155 3800 dtvtct
189 3761 265 3797 unam
288 3759 344 3795 cara
367 3750 481 3795 nostrum
505 3745 593 3795 orbem
618 3743 676 3809 (uic
694 3741 758 3793 enim
776 3744 907 3811 appellare
930 3746 1065 3812 oportet),
1091 3744 1158 3795 altc-

66 3831 132 3880 ram,
149 3832 217 3884 quae
234 3812 274 3864 hia
289 3812 354 3865 lucia
371 3814 567 3880 tempestatibua
584 3811 643 3864 anui
661 3828 711 3863 nou
729 3813 883 3878 respondet,
907 3812 1008 3863 tertiam
1026 3810 1093 3863 inter
1111 3811 1158 3864 han

67 3883 172 3937 locatam
195 3890 223 3936 at
246 3880 280 3934 ob
303 3880 437 3933 immensos
461 3882 562 3934 calores
586 3896 691 3951 prorsus
708 3880 908 3932 inhabitabilem.
942 3892 1022 3947 quare
1040 3880 1062 3931 si
1080 3876 1157 3932 Nilus

67 3950 148 4005 hierna
173 3958 339 4021 augment,
365 3959 462 4003 certum
479 3960 550 4003 canet
568 3966 625 4002 eum
642 3950 669 4001 iu
686 3957 775 4001 nostra
792 3966 857 4001 zona
873 3946 1014 4029 confluxuun
1033 3964 1157 4017 aquarum

66 4034 344 4143 tutatum
359 4016 1158 4154 li⁰0i⁰illll“i¹.lhll¹l‘¹lilullil‘ipiilillalili}

67 4157 138 4208 nobie
154 4177 171 4210 a
187 4160 292 4227 regione
309 4156 435 4227 oppositis
452 4156 545 4209 hiemes
561 4157 649 4218 nacci,
666 4163 693 4207 et
710 4153 902 4208 redundantium
919 4152 971 4204 illic
990 4171 1112 4222 aquarum
1129 4154 1157 4207 iu

68 4224 151 4278 orbem
169 4238 282 4281 noscnm
299 4226 404 4280 deterri.
438 4234 516 4295 atquc
531 4224 591 4277 ideo
609 4224 641 4277 ad
659 4223 716 4276 Nili
734 4225 816 4275 lontea
832 4221 953 4273 neminem
972 4239 1047 4290 porse
1064 4240 1158 4294 pcrrc-
1189 4244 1191 4249 ·

69 4290 136 4358 ulra,
159 4295 220 4362 quia
242 4313 260 4349 a
283 4312 349 4351 zoua
370 4293 488 4364 rcatigiic
509 4292 605 4348 acarna
621 4293 752 4347 contrario
769 4307 816 4363 par
832 4289 1001 4347 inhabitatam
1017 4308 1063 4347 acu
1079 4292 1158 4348 torri-
