2817 4742
262 312 587 382 THEOPHYLACTI
611 313 904 381 HISTORIARUM
928 314 970 380 11.
997 315 1028 384 1.
1143 313 1195 383 67
1232 334 1234 339 ·

91 479 213 530 Romani
229 479 365 531 abstineat.
399 478 444 545 (9)
465 477 627 546 Philippicas
651 477 842 530 inconsiderate
857 478 945 546 fugit.
978 477 1071 540 timor,
1097 479 1196 530 tumid-

92 557 158 610 tus,
180 565 268 616 angon
290 549 320 598 iu
342 549 442 600 castris.
477 549 592 598 militum
614 552 689 614 forge
715 555 855 609 nocturna,
882 555 906 598 et
926 547 1029 598 misera.
1063 547 1197 614 Aphumos

89 625 206 685 petunt:
232 617 270 668 ibi
286 619 373 668 ducem
386 615 534 684 fugitivum
553 618 668 668 dicteriis
686 617 821 668 lacessunt.
857 617 954 669 Persae
972 633 1013 668 eas
1030 616 1100 667 lento
1116 633 1196 684 passu

90 689 284 754 insequantus'3
314 687 343 736 in
373 692 494 737 extremos
522 686 681 737 iaculantur.
719 687 792 738 mida
824 687 959 737 lecticario
988 686 1061 736 ducis
1086 686 1195 750 feritur.

93 756 247 806 Theodorus
263 756 399 822 neglectae
415 754 545 806 custodiae
561 763 709 806 accusatur.
745 756 895 818 discredit,
919 755 1027 806 castella
1045 755 1115 823 apud
1133 755 1194 805 iza-

89 825 152 876 lam
172 825 268 892 reficit,
284 825 406 876 llerodio
423 825 561 874 exereitum
579 825 678 884 tradit,
701 831 811 875 mamtus
827 842 845 874 a
862 825 927 875 lello
944 830 1030 875 vacat.
1066 824 1128 888 (10)
1147 825 1195 875 'lh‘-

89 894 156 962 gris
173 895 272 960 fluvius
289 894 455 953 describitur.
490 901 566 960 geste
589 893 710 944 Heraclii
733 893 805 944 ducis
829 893 857 943 in
874 893 982 945 Perside
998 893 1035 944 ad
1051 893 1194 946 meridiem.

89 962 184 1015 asissia
207 965 320 1014 militum
342 964 371 1014 in
393 963 508 1014 ltihmma.
543 963 645 1012 morbus
668 962 825 1030 Philippici,
850 969 876 1014 et
898 963 1023 1014 exercitus
1047 963 1083 1013 ad
1100 961 1195 1027 Persas

89 1033 181 1082 denseo
201 1033 330 1083 vexandos
353 1031 454 1083 divisio.
489 1047 530 1082 res
552 1038 642 1082 contra
658 1031 760 1083 Aharos
777 1031 894 1097 feliciter
912 1041 938 1082 et
958 1048 1015 1082 cum
1031 1031 1124 1100 gloria
1144 1033 1194 1082 ad-

88 1101 255 1152 ministrata.
291 1103 435 1168 Chaganns
445 1105 535 1168 fugae
552 1101 670 1168 lencfieia
687 1108 813 1152 seruatus.
861 1102 925 1165 (11)
943 1097 1124 1152 Comeretiolu‘s‘
1125 1101 1195 1167 fidei

86 1171 211 1220 uiolatae
235 1171 433 1237 timiditatisque
454 1171 657 1238 reprehemlitur.
691 1170 785 1221 montis
803 1170 877 1221 Aemi
900 1171 1031 1221 luculenta
1047 1170 1194 1237 descriptio.

87 1239 208 1289 hostium
231 1241 358 1291 transitus
380 1239 563 1307 investigatur.
601 1240 695 1291 Castus
712 1243 824 1304 fortuna
839 1257 965 1306 prospera
982 1240 1067 1290 clatus
1085 1239 1194 1290 Comen-

87 1309 314 1371 suturnicensis,
337 1309 365 1359 ia
382 1310 557 1360 calamitatem
573 1309 673 1360 incidit.
708 1310 771 1374 (12)
797 1325 894 1374 agmen
920 1309 993 1358 Casti
1018 1309 1109 1360 timore
1130 1326 1193 1375 per-

88 1378 195 1428 culsum
220 1379 371 1444 dissipatur.
406 1378 479 1444 capti
504 1379 537 1430 de
552 1377 679 1429 Romanis
702 1377 860 1428 atrocissime
874 1380 1021 1446 pulsantur.
1058 1379 1150 1427 Castus
1168 1385 1193 1428 et

87 1463 153 1496 eum
176 1463 203 1496 ea
226 1448 303 1497 multi
326 1449 355 1498 in
378 1454 530 1514 potestatem
552 1448 665 1498 veninat.
701 1448 800 1497 Ahares
819 1448 848 1497 in
869 1447 1011 1498 'l'hraciam
1035 1447 1194 1498 vastabundi

86 1531 146 1566 eene
164 1515 313 1580 inssutdunt.
348 1518 515 1567 dissimulhus
533 1517 669 1584 peditatus
688 1516 797 1567 'l'hraeii
816 1520 965 1583 praefectus
982 1516 1096 1583 capitur.
1131 1533 1193 1567 cou-

86 1585 202 1636 snltatia
221 1586 372 1636 Comeatioli
388 1603 443 1637 cum
460 1586 629 1653 primoribus,
648 1592 673 1636 et
691 1585 728 1636 ad
745 1593 892 1636 constanter
908 1585 1084 1636 dimicandum
1101 1586 1193 1636 cohar-

86 1653 167 1702 tatio.
213 1654 276 1718 (13)
300 1655 438 1706 chiliarchi
460 1655 544 1706 arsitia
568 1656 600 1705 de
624 1653 740 1705 hostilius
761 1655 997 1717 pontanolensis,
1026 1673 1043 1704 a
1058 1656 1194 1721 passcitatc

86 1722 220 1785 militnm,
245 1723 278 1774 alr
296 1732 504 1791 acceptaremus
521 1722 684 1776 calamitate.
719 1723 780 1774 hnic
795 1725 898 1774 suasori
913 1741 989 1778 scaea
1005 1723 1078 1774 miles
1096 1725 1193 1774 adver-

86 1797 167 1842 satur
184 1795 404 1856 constantissime,
427 1800 452 1843 et
470 1793 610 1844 lacrimans
629 1793 792 1844 audientiam
808 1798 897 1858 ragat.
932 1790 994 1858 (14)
1012 1792 1191 1853 aretinensis,

87 1877 146 1926 qua
168 1862 297 1912 sententia
319 1862 457 1913 chiliarchi
480 1870 511 1912 nt
529 1862 621 1913 timida
640 1869 665 1912 et
682 1862 785 1928 igrsova
801 1862 935 1926 refellitur
951 1869 978 1910 ct
994 1861 1093 1912 Ahares
1110 1862 1192 1912 armis

87 1930 249 1995 appetendos
273 1933 429 1994 emutilatum
456 1932 538 1998 ipsius
562 1931 656 1992 hostis,
688 1931 916 1996 Romanorumque
937 1937 1053 1980 aeterum
1076 1932 1192 1996 exempla

87 2006 268 2060 assumuntur,
289 2006 315 2049 et
330 1999 486 2050 seutesttiosa
502 2000 648 2051 cohortatio
665 1999 833 2066 adiungitur.
868 2000 930 2065 (15)
945 1999 1086 2065 persuadet
1101 2016 1192 2049 senes.-

86 2083 166 2116 arma
191 2067 345 2132 capiuntur,
370 2068 399 2118 ia
424 2069 522 2119 hostem
545 2069 714 2135 gradiuntur.
750 2085 781 2119 ea
792 2069 867 2134 falsa
881 2075 978 2118 terrore
995 2069 1093 2120 clamor
1109 2074 1191 2118 totum

87 2136 228 2186 exercitum
245 2136 385 2188 disturbat.
413 2139 494 2205 fugit
511 2139 590 2188 etium
609 2137 761 2205 chaganus.
796 2139 912 2189 Alarum
930 2137 1070 2202 complures
1084 2137 1191 2187 olmera-

87 2211 191 2255 cantur.
227 2205 370 2271 Choganus
387 2206 528 2274 Apperiam
546 2207 679 2258 castellum
696 2207 824 2256 adoritur.
867 2204 931 2271 (16)
950 2206 1023 2255 hlrtsa
1039 2206 1114 2256 miles
1125 2210 1189 2272 for-

86 2273 204 2324 tissimus
226 2275 361 2324 vestustiani
382 2276 496 2326 intentus
522 2276 641 2340 eapitur,
668 2281 694 2325 et
710 2291 727 2323 a
745 2275 799 2324 suis
815 2292 861 2325 uec
877 2274 994 2340 precihus
1010 2291 1056 2324 nec
1074 2275 1190 2325 lacrimis

88 2343 188 2409 lytrum
216 2342 347 2410 impulsat.
387 2345 460 2395 docet
488 2345 590 2395 Aisaros
611 2344 749 2409 fabricare
776 2345 924 2396 machinam
952 2344 1189 2409 missgnatoriame

87 2411 161 2461 cuias
180 2413 277 2463 adactu
291 2414 431 2480 prostratis
448 2413 578 2464 moenibus
596 2413 691 2480 oppido
706 2413 849 2479 potiuntur.
882 2413 981 2462 Beroea
998 2412 1074 2462 irrito
1093 2420 1188 2463 caseata

89 2481 236 2548 chaganus
252 2489 395 2550 oppugnat,
412 2482 503 2533 incolis
519 2488 621 2534 strenue
637 2481 813 2532 resistentibus
819 2499 829 2544 ‚·
847 2481 892 2549 qui
910 2481 1015 2532 tandem
1035 2498 1086 2532 aaa
1100 2498 1188 2548 gram

88 2549 117 2599 di
131 2550 246 2617 pecunia
263 2550 418 2602 ohsidionem
434 2551 573 2604 redimunt.
609 2551 671 2618 (17)
689 2551 868 2618 Chaganus'a
883 2549 1104 2616 Diocletianopoli‚
1116 2547 1187 2602 'Phi-

88 2617 214 2686 lippapoli
231 2627 256 2671 et
272 2621 446 2688 Adrianopoli
462 2621 605 2688 repellitur.
629 2620 784 2688 imperatori
801 2638 819 2671 a
832 2619 940 2686 plebeiis
956 2619 1110 2685 quibusdam
1123 2637 1188 2687 pro-

86 2695 146 2754 pter
165 2688 272 2740 Cassam
290 2697 316 2740 et
332 2690 514 2741 Ansimuthum
531 2707 549 2740 a
566 2689 685 2740 barbaris
702 2696 791 2756 captas
807 2689 982 2740 maledicitur.
1000 2688 1109 2739 [carmes
1125 2688 1188 2756 My-

87 2762 160 2808 staea
185 2757 383 2826 Adrianopolim
405 2758 496 2810 missus
518 2759 600 2811 hostes
616 2775 664 2825 per
680 2759 894 2825 hypestrategum
915 2757 1007 2812 vineit.
1039 2758 1187 2825 palahuadi

83 2825 206 2892 fugiunt.
240 2828 383 2879 moderatio
400 2828 473 2878 ducis
489 2827 518 2878 in
534 2829 655 2880 victoria.
690 2828 751 2892 (18)
761 2827 906 2900 ‚nuutios
924 2833 1037 2877 castrum
1055 2826 1186 2877 Persicum

89 2900 226 2962 oprpmgaal
246 2896 377 2946 acerrime.
412 2896 554 2946 incolarum
571 2897 600 2945 iu
616 2911 670 2946 sese
686 2895 854 2959 desernleudis
877 2895 1017 2946 industria.
1051 2893 1136 2962 ipsum
1159 2901 1185 2946 et

88 2961 255 3014 Mazararum
277 2970 413 3030 praetem
435 2971 600 3032 occupantur.
638 2963 785 3014 {theodorus
810 2964 844 3015 ah
861 2964 986 3030 agricolis
1003 2962 1040 3013 ad
1056 2963 1185 3014 Bassdaes

87 3032 238 3098 oppidulum
262 3033 399 3084 insultatur.
433 3033 599 3100 infestissime
619 3039 801 3102 oppugnatum
816 3034 922 3101 Saperii
937 3031 1031 3086 militis
1049 3032 1185 3102 singulm

89 3101 230 3170 eximiaque
245 3102 343 3154 virtute
359 3101 471 3171 capitur.

542 3267 744 3279 -u--n-

1235 3399 1270 3454 32

92 3449 121 3516 1.
182 3407 250 3536 Τῇ
274 3449 306 3516 d'
327 3447 474 3541 ὑστεραίᾳ
495 3447 549 3514 τὸν
562 3443 685 3530 χάρακα
699 3430 938 3530 assiduitates}
951 3445 991 3512 τὰ
1004 3441 1178 3532 accidente
1195 3398 1219 3520 g

88 3559 142 3615 τοῦ
163 3557 285 3634 πεδίου,
314 3554 392 3619 κατὰ
417 3553 490 3627 τούς
515 3547 675 3643 audaciae
698 3557 755 3615 τοῦ
779 3549 872 3635 ὅρους
896 3551 928 3614 iu
951 3549 1098 3640 ἀριστερᾷ
1120 3555 1177 3614 soii
1195 3537 1221 3587 V
1239 3539 1288 3592 ¹⁵⁶

85 3650 182 3732 Ἰζαλᾶ
204 3655 383 3738 πεποιηκώς.
436 3658 471 3722 τὸ
493 3657 526 3721 ii
545 3651 652 3740 hooc—d
666 3654 783 3732 Ἰζαλᾶς
800 3650 1071 3719 πολυτοκῶτατον·
1097 3655 1181 3718 aluo·

89 3754 184 3842 φῦρον
202 3755 260 3843 γάρ
269 3807 277 3837 ,
306 3763 356 3825 καὶ
377 3759 456 3824 ἄλλα
471 3759 541 3845 γένη
554 3759 650 3842 μυρία
666 3762 792 3842 καρπῶν
805 3757 988 3843 inspiciam.
1041 3762 1178 3821 noluer-

70 3858 293 3944 §coanimata
314 3888 348 3929 τε
368 3863 403 3929 τὸ
426 3862 515 3948 ὅρος,
550 3863 601 3926 uui
629 3858 785 3948 οῖκήτορες
808 3860 893 3951 αὐτῷ
919 3857 1028 3946 ἄνδρες
1050 3857 1174 3943 ἀγαθοί.

92 4076 113 4126 l.
145 4028 293 4130 postridie
316 4077 349 4128 sd
373 4076 483 4130 editiora
504 4075 587 4146 campi
612 4083 639 4128 et
663 4075 763 4128 radices
786 4074 873 4126 lsslse
888 4073 994 4134 mantis,
1021 4069 1054 4123 stl
1078 4071 1178 4124 laesam

92 4151 170 4197 astra
198 4146 341 4199 cosrstituit.
376 4154 417 4198 est
441 4151 523 4199 autem
549 4163 619 4198 mons
644 4146 687 4198 hic
711 4143 899 4204 fertilissimus,
924 4139 1050 4213 siqnidem
1073 4148 1177 4210 praeter

91 4213 170 4266 viatus
191 4215 321 4267 tractuum
344 4232 440 4284 genera
457 4215 535 4266 effert
552 4215 690 4268 innumera.
724 4215 779 4266 eius
804 4213 907 4265 accolas
930 4208 1128 4280 frequentissimi
1150 4217 1177 4262 et

92 4280 145 4335 boni
161 4283 226 4347 viri,
245 4285 355 4338 hostium
372 4301 423 4337 noa
441 4284 529 4355 procul
545 4283 606 4338 inde
622 4284 792 4337 habitantium
808 4280 996 4335 incussionibus
1012 4287 1041 4333 et
1057 4276 1177 4332 venetia·
