2817 4742
255 373 281 445 Ῑ.
307 369 490 441 Portam
514 369 748 440 PRAEFATIO
772 369 828 436 AD
852 369 1090 438 LECTOREM
1182 395 1219 438 ιι

128 545 188 612 ἀπὸ
213 540 355 631 ἐπάρχων
369 567 409 610 ex
423 535 582 632 praesectis
594 541 744 607 nominet.
799 544 1015 629 praefecturam
1028 545 1139 631 itaque,
1163 565 1220 608 nec

128 651 259 717 civimtis
275 649 330 715 sed
343 649 515 737 provinciae
530 647 631 734 potius
646 646 780 725 alicuius,
797 645 1030 715 administrarit.
1056 650 1095 710 ab
1109 645 1220 712 eodem

69 767 72 773 '
128 751 334 841 ἀντιγραφεάς
347 752 471 833 dicitur3
503 748 586 837 quod
607 748 730 837 quidem
742 751 860 838 putavit
878 749 1066 814 reddendum
1082 755 1220 832 sonper-

128 865 239 921 νονίιιι.
291 854 497 943 Scripturarii,
518 854 615 940 inquit
625 853 762 934 Nonius,
782 851 862 940 apud
876 865 993 922 veteres
1007 858 1127 917 luerunt
1141 875 1219 939 quos

128 984 209 1026 nune
232 959 405 1024 tabellarios
429 956 574 1038 dicimus,
603 955 685 1044 quod
699 957 820 1044 scriptis
836 967 867 1019 et
881 957 1106 1020 commentariis
1116 957 1221 1021 omnia

66 1055 68 1061 ’
128 1068 176 1130 vel
194 1064 314 1128 urbium
327 1065 379 1125 vel
390 1060 613 1149 provinciarum
629 1063 903 1148 complecterentur.
943 1059 1092 1124 Lucilius:
1113 1062 1221 1143 pulle·-

127 1192 236 1230 camm
262 1189 361 1229 rerum
388 1167 573 1244 aesuefiom,
612 1179 648 1226 ut
674 1169 898 1247 senpmmrius.
956 1162 1038 1227 unde
1060 1163 1221 1226 historiam

128 1281 265 1334 nostram
290 1269 393 1332 liceret
422 1269 599 1355 appellarer
640 1264 1135 1352 Tarornrnaorr.81uoearrss
1162 1289 1221 1329 rx-

128 1393 303 1436 rnsrrrorr
332 1393 373 1434 nn
405 1369 683 1454 nostrorumst).
745 1367 801 1434 sed
837 1367 980 1434 Budaeus
1006 1369 1040 1431 in
1076 1367 1220 1438 Pandect.

128 1471 333 1559 ἀντιγραφεὺς
357 1473 567 1561 interpretatur
603 1495 818 1539 ossuavsron
854 1493 1073 1551 coscronou,
1104 1472 1138 1535 id
1165 1484 1222 1552 est,

129 1600 236 1642 eorum
259 1577 310 1663 qni
328 1577 489 1664 pecuniam
510 1577 652 1658 colligunt
675 1575 715 1640 ed
739 1574 909 1665 principem
922 1587 974 1638 sut
991 1576 1222 1661 rempublicam

129 1680 347 1768 pertinentem,
381 1680 432 1767 qui
457 1678 579 1744 Graecis
609 1676 800 1760 ἀποάίκται,
841 1681 1026 1742 nostratibus
1053 1689 1223 1765 receptores

128 1784 337 1870 particulares,
364 1781 503 1846 Ciceroni
524 1805 582 1870 pro
601 1781 695 1846 domo
715 1804 787 1861 sua,
819 1792 850 1844 et
871 1780 960 1861 olibi,
986 1780 1143 1861 custodes,
1170 1781 1224 1843 ubi

129 1887 256 1950 forsitan
278 1901 447 1948 maerorum
470 1884 712 1950 subaudiendum
730 1897 805 1958 est.¹
836 1882 934 1964 magis
958 1883 1048 1965 igitur
1068 1883 1223 1970 inscriptio
1327 1895 1332 1906 '

130 1989 256 2075 placuit,
283 2010 498 2053 rxrnsrrrcrr
528 2009 569 2050 nr
597 2009 748 2051 cussonis
775 2006 985 2050 cosoroauu.
1039 1985 1150 2052 Suidas
1168 2008 1224 2050 oe·

130 2089 241 2174 φιστὴν
265 2092 414 2177 appellat,
444 2088 477 2152 id
500 2101 563 2170 est,
594 2091 754 2154 hominem
774 2088 895 2153 doctum
917 2109 952 2151 ac
973 2088 1161 2177 sapientem,
1183 2111 1224 2153 ex

132 2214 228 2280 eoque
243 2203 274 2256 et
286 2196 378 2257 verba
393 2195 536 2280 explanat
551 2205 581 2257 et
592 2196 677 2258 locos
694 2194 828 2274 integros
849 2189 978 2257 adducit.

230 2361 391 2446 Ingenium
413 2364 479 2430 eius
501 2364 578 2428 mite
602 2362 744 2450 inprimis
758 2374 789 2426 et
802 2355 985 2448 φιλόκαλον,
1011 2377 1044 2426 ut
1059 2363 1152 2427 etiam
1166 2363 1225 2427 do-

132 2468 254 2530 ctrinam
269 2490 332 2530 non
344 2470 518 2550 vulgarem,
540 2466 649 2554 scripta
665 2468 733 2553 ipsa
756 2478 901 2529 testentur
921 2488 957 2527 ac
969 2463 1119 2551 produnt,
1145 2488 1225 2552 quo-

131 2592 196 2634 rum
210 2572 271 2636 alia
286 2583 357 2634 sunt
373 2572 535 2657 epistolae,
562 2570 620 2631 alia
644 2568 838 2654 quaestiones
856 2569 1024 2647 naturales,
1050 2569 1110 2630 alia
1127 2569 1225 2633 histo-

132 2672 197 2735 rica.
248 2693 357 2735 verum
380 2694 438 2735 nos
461 2672 579 2735 duobus
591 2670 742 2757 prioribus
762 2671 968 2752 generibusin
980 2691 1226 2759 praesensprae-

133 2774 293 2854 termissis,
320 2773 360 2838 de
384 2775 526 2855 historia,
553 2794 645 2861 quam
665 2773 855 2837 inmanibus
876 2775 1044 2853 habemus,
1070 2795 1142 2854 age,
1169 2798 1225 2861 pro

133 2890 248 2965 recepto
261 2879 458 2964 interpretum
471 2900 558 2941 more
569 2877 766 2939 disseramus.
810 2875 920 2962 deque
934 2875 1069 2961 primum
1086 2877 1226 2940 omnium

94 2969 100 2986 ⁴
135 2979 298 3042 audiendus
318 2992 364 3042 est
383 2979 527 3056 Photius,
554 2977 602 3038 cui
615 2997 683 3039 cum
704 2999 824 3040 summa
838 2977 1007 3042 eruditione
1019 2980 1133 3043 summi
1148 3003 1226 3066 quo·

135 3102 190 3166 que
210 3079 314 3142 iudicii
334 3080 531 3161 intelligentia
555 3080 703 3144 tribuitur.
760 3075 779 3163 ἡ
800 3077 905 3161 μίντοι
928 3076 1042 3166 φράσις
1063 3080 1148 3170 αὐτῷ
1168 3081 1226 3166 ἔχει

134 3177 228 3262 μίν·τι
243 3177 388 3268 χάριτος·
415 3177 494 3266 πλήν
507 3207 540 3268 γε
551 3180 589 3266 dp*
603 3179 700 3265 ἡτῶν
713 3187 866 3268 τροπικῶν
879 3181 988 3261 λίξειον
1002 3187 1052 3248 καὶ
1065 3191 1120 3268 τῆς
1129 3184 1226 3271 ἀλλη-

135 3290 252 3370 γοριιιῇς
268 3285 386 3362 ἐννοίας
407 3285 581 3372 κατακορὴς
597 3291 709 3370 χρῆσις
724 3288 767 3362 εἰς
787 3289 996 3372 ψυχρολογίαν
1009 3286 1141 3352 τινὰκαὶ
1154 3315 1225 3356 νεα-

137 3387 216 3471 νικὴν
234 3387 453 3474 ἀπειροκαλίαν
473 3387 679 3478 ἀποτελευτᾷ·
710 3387 747 3453 od
761 3388 824 3472 μὴν
841 3389 918 3454 ἀλλά
935 3393 985 3455 καὶ
1001 3387 1020 3474 ἦ
1039 3397 1094 3476 τῆς
1105 3417 1226 3477 γνωμο-

137 3491 235 3574 λογιάς
255 3489 311 3556 οὐκ
332 3491 364 3555 ἰν
384 3488 683 3580 καιρῷπαρενθήκη
712 3493 888 3579 φιλοτιμίας
913 3494 977 3560 ioci
997 3493 1153 3580 περιίργοο
1176 3496 1227 3562 καὶ

137 3599 280 3678 περιττῆς.
333 3593 374 3658 sd
394 3597 412 3658 d
419 3593 428 3618 '
454 3593 534 3660 ἀλλα
557 3593 624 3662 olo
641 3595 672 3670 ίς
687 3593 884 3680 μῶμονῆκει.
936 3603 1026 3663 detto
1048 3606 1112 3667 οἰαο
1133 3608 1228 3684 lepore

139 3715 344 3761 devenustare
358 3708 421 3770 noo¹
440 3716 532 3763 earet.
587 3717 791 3764 verumtamen
811 3706 1050 3784 modifwatarum
1073 3732 1180 3770 vocum
1200 3720 1229 3766 et

139 3805 359 3884 allegoricorum
379 3829 523 3866 senarium
545 3811 636 3866 nimia
656 3808 758 3868 crebra
774 3815 989 3891 recurpotione,
1016 3812 1227 3894 cumsactidto

141 3907 308 3989 legentium,
343 3911 462 3970 tandem
483 3911 584 3990 friget
613 3924 642 3968 et
660 3915 832 3973 iuveniliter
856 3919 963 4001 ineptit
989 3921 1096 3975 oratio.
1152 3919 1228 3996 quin

141 4076 334 4093 *Q—

171 4236 176 4250 ¹
205 4174 230 4239 *)
246 4173 379 4244 interpres
397 4173 466 4227 Hist.
484 4173 561 4244 Trip.
579 4175 686 4228 retinuit
703 4177 833 4230 Graecum
850 4178 955 4232 verboso
969 4178 1014 4231 lib.
1027 4179 1052 4231 9.
1071 4178 1145 4230 duct.
1158 4177 1228 4230 Hirr.

144 4235 212 4318 litto.
227 4241 269 4295 lib.
289 4246 321 4300 1³
344 4242 440 4298 lactine
457 4245 564 4316 scripsit
583 4245 780 4316 entigrepbeus.
813 4249 853 4300 sie
879 4248 944 4302 eoin
961 4246 999 4299 ibi
1015 4246 1067 4315 leg.
1085 4257 1113 4301 et
1129 4247 1229 4301 ldetius

143 4319 176 4388 ra·
191 4312 344 4375 praelatione
367 4313 501 4368 Clrrooici.
536 4313 581 4368 nlii
607 4317 851 4386 contrascriptorem
875 4324 987 4371 vertunt
1023 4317 1083 4372 vide
1098 4317 1175 4372 Salo.
1194 4315 1227 4369 od

144 4374 207 4431 ltro.
224 4379 286 4450 Aug.
304 4384 447 4454 scriptores
465 4402 489 4455 p.
510 4382 569 4450 48⁰,
588 4383 638 4445 481
657 4392 686 4440 et
701 4387 762 4443 485.
