2817 4742
402 241 588 309 rourum
612 240 912 309 acuminat
951 321 954 327 ,
1126 240 1199 310 nos

108 402 230 455 mnoioio
252 402 355 472 sucipit.
388 405 516 458 adductus
538 407 608 459 inter
628 406 719 476 epulas
734 406 875 475 Biyaacias
896 404 1021 459 dluditur
1035 411 1062 457 et
1076 404 1203 472 interfici-

109 479 166 523 tur.
202 472 326 527 hilaritas
350 475 519 543 epulantium.
570 475 616 541 (6)
643 474 758 529 Mebrdis
779 477 886 528 nuntius
902 476 938 526 ad
954 476 1114 542 praesectum
1137 492 1201 542 pry-

107 542 188 591 tanei
203 541 235 591 de
251 551 392 595 commeatu
408 549 433 595 et
449 544 564 611 pecuniis
580 544 748 610 suspiciendis.
784 544 972 596 'Phanaroram
995 544 1106 601 ceradis
1117 546 1203 611 suga.

106 610 246 662 Seleuciae
270 612 395 667 conditer.
428 612 575 679 Euphratis
594 613 739 681 descriptio.
774 613 891 664 Mcbodcs
906 614 1050 665 Seleuciam
1066 618 1145 664 noctu
1161 614 1201 663 ir-

105 694 235 747 rumpens
251 681 370 733 caedibus
385 682 525 749 promiscae
541 689 689 749 grassatur.
724 682 897 749 Ctesiphontei
907 686 987 747 sama
1003 682 1138 733 conterriti
1154 681 1202 733 de·

106 747 239 799 ditionem
261 750 407 803 decernunt.
442 750 608 803 Antiochiam
624 750 762 803 Persarum
779 751 894 803 condidit
911 751 1039 803 Chosroes.
1073 750 1201 801 iustinia-

105 833 160 868 nus
179 818 260 871 eidem
276 821 379 887 regiam
394 820 516 872 estrasit.
551 820 667 871 Mcbodis
682 820 849 871 Antiochiam
865 821 978 872 litterae.
1027 819 1073 885 (7)
1090 818 1203 885 epistola

106 887 216 937 nomine
238 887 411 942 Romanorum
434 889 470 941 ad
493 890 560 941 ciues
576 888 730 941 Antiochiae
745 890 866 941 Persidis.
894 889 1030 959 fugitiuos
1049 893 1076 938 et
1095 886 1205 939 Veranii

100 956 256 1022 factionem
268 965 384 1026 poscunt.
419 959 448 1010 in
464 957 553 1010 ducem
570 964 596 1009 et
613 958 746 1010 dedititios
762 958 981 1010 animadvertunt.
1015 956 1123 1008 Iudaeae
1138 974 1203 1023 aaa

107 1040 162 1091 que
189 1028 296 1092 tyranni
320 1028 486 1079 administrae
509 1026 651 1079 trucidant.
685 1044 738 1095 pua
760 1029 890 1078 occasions
906 1028 934 1077 in
949 1026 1079 1076 Persidem
1096 1026 1203 1077 commi-

106 1096 222 1159 grarint
245 1094 349 1159 iudaei,
380 1112 516 1163 eorumque
547 1096 689 1147 aculeatior
709 1097 877 1162 uituperatio.
913 1094 1107 1155 Alexandriana
1131 1094 1202 1145 locsss

106 1162 181 1212 aride
197 1162 289 1215 dictus.
325 1165 369 1231 (8)
387 1167 525 1217 tramitum
536 1164 656 1231 fluminis
673 1164 786 1215 Romani
800 1171 996 1231 praeoccupant.
1030 1164 1099 1214 unde
1115 1164 1202 1215 auda-

105 1232 152 1281 cia
179 1232 300 1285 Varamo.
335 1236 389 1285 eius
410 1235 580 1303 speculatores
602 1233 673 1300 capti
695 1250 749 1283 rem
771 1233 894 1300 produnt.
929 1233 957 1283 in
973 1234 1106 1289 Amiseaos
1129 1232 1202 1283 irru-

106 1300 175 1367 ptio.
213 1301 248 1352 ad
264 1303 349 1355 lacum
369 1303 496 1355 Varamos
513 1302 639 1352 tiemonis
662 1302 784 1353 occurrit.
819 1303 875 1353 sinc
888 1316 980 1369 pragna
997 1300 1093 1353 abitur.
1128 1300 1203 1350 Nar-

108 1388 149 1420 scs
186 1370 307 1422 ioannem
339 1378 425 1423 monet
453 1386 486 1421 ne
520 1370 663 1437 separatim
690 1386 749 1421 eum
777 1371 863 1422 Persis
890 1372 919 1420 in
944 1372 1025 1421 aciem
1055 1370 1202 1425 descendat.

108 1438 155 1503 (9)
187 1440 309 1491 Cleesracr
331 1440 430 1491 nuntiis
454 1439 603 1490 laetissimis
625 1438 751 1504 afficitur.
785 1440 911 1490 censitus
926 1444 978 1490 tres
1002 1440 1031 1488 in
1046 1454 1125 1489 unam
1142 1455 1202 1489 can·

107 1507 268 1574 integuntur.
304 1508 425 1561 Citesroes
448 1514 473 1559 et
499 1507 625 1557 Varnmus
646 1513 773 1573 quaestum
797 1506 949 1558 samnitibus
971 1508 1112 1558 valuerint.
1149 1506 1203 1557 Va-

106 1578 180 1627 rami
202 1575 315 1628 insidiae
337 1584 438 1644 patent.
479 1576 647 1627 barbarorum
668 1576 793 1627 clamores
814 1582 839 1628 et
863 1576 1002 1637 tumultus,
1029 1576 1203 1627 Romanorum

125 1646 191 1697 aies.
227 1645 264 1697 ad
291 1647 420 1713 praelium
444 1646 512 1697 acies
539 1644 687 1710 disparitas.
722 1644 828 1694 barbari
850 1646 879 1693 in
902 1651 1012 1695 mantem
1031 1646 1200 1711 menagium.

106 1662 251 1767 b'crsarum
281 1717 422 1766 temeritas.
474 1713 533 1776 (10)
564 1713 672 1761 l'arami
691 1713 766 1777 faga
789 1712 825 1762 ad
849 1712 904 1761 loca
928 1713 1019 1771 varia,
1050 1730 1123 1777 quesn
1148 1714 1202 1761 llo-

107 1784 184 1833 muni
208 1790 401 1847 praesequantur.
435 1786 562 1831 certamen
585 1780 615 1829 in
638 1794 728 1846 eampo
750 1787 871 1844 paratur.
907 1779 1013 1831 'l'essera
1029 1780 1203 1831 liemarsorum

108 1851 169 1903 hrrs
195 1850 293 1901 Munus.
328 1864 421 1916 pugna
447 1846 606 1900 describitur.
639 1864 683 1899 sea
702 1848 789 1899 millia
810 1848 949 1899 Persarum
965 1850 1140 1915 fugientium.
1173 1849 1203 1898 irs

109 1924 203 1984 capitas
221 1918 348 1970 Cleusroae
364 1916 484 1969 saeuitia.
521 1916 620 1965 'l'urcae
642 1916 772 1966 deauretur
787 1916 924 1967 Mauricio.
959 1918 1139 1981 intrantibus
1159 1934 1203 1969 eo·

109 2002 170 2037 rum
187 1986 256 2039 urrde
273 1988 353 2038 cruceis
369 1987 482 2053 signum.
510 2044 511 2047 Ἴ
533 1984 596 2049 (11)
624 1985 819 2036 tabernaculum
845 1980 953 2035 Varami
970 1984 1107 2052 diripitur.
1142 1985 1204 2037 bar·

111 2055 171 2106 bari
195 2072 226 2107 es
247 2056 390 2123 elephantis
415 2054 468 2103 tela
492 2059 644 2119 spargentes
663 2052 788 2104 Romanis
801 2054 975 2125 succumbunt.
1011 2054 1108 2108 bestiae
1123 2055 1205 2107 Chas-

110 2141 175 2175 rouc
198 2124 338 2175 donantur.
372 2122 456 2190 spolia
480 2122 611 2189 leguntur.
647 2122 796 2176 disceditur.
832 2124 960 2174 Chaereae
980 2124 1010 2176 ob
1033 2132 1138 2190 partam
1161 2124 1204 2175 ai-

111 2194 220 2243 ctnriam
244 2194 358 2244 laetitia.
393 2192 521 2243 ilumanos
541 2206 636 2261 param
659 2198 754 2258 gratus
778 2192 881 2243 domum
903 2192 1030 2244 remittit:
1058 2193 1093 2244 ab
1114 2192 1147 2243 iis
1171 2193 1205 2244 de

110 2264 198 2328 officia
217 2262 376 2329 admonetscr.
410 2260 483 2310 mille
503 2259 619 2311 custodes
633 2262 746 2327 carparis
769 2260 927 2312 Mauricium
944 2267 1032 2329 rogat.
1084 2261 1144 2328 (12)
1172 2262 1206 2313 de

111 2339 205 2385 sancta
214 2333 318 2399 semina
336 2329 499 2381 Galinduelta
516 2328 587 2396 apud
605 2328 774 2397 Hierapolim.
808 2347 904 2397 genus,
929 2330 1096 2393 connubium,
1122 2336 1205 2382 ecda·

112 2402 156 2454 sis.
190 2401 253 2468 perid
275 2418 293 2450 a
315 2401 411 2450 asarito
432 2402 538 2465 propia
562 2396 789 2450 Christianismum
812 2416 931 2466 perpessa
952 2401 996 2453 sit.
1032 2401 1118 2450 altera
1134 2400 1204 2451 eius-

113 2470 169 2519 dem
192 2470 320 2521 diuinitus
344 2464 503 2529 illustratio,
527 2471 553 2517 et
577 2466 609 2517 de
626 2474 707 2519 marte
723 2468 814 2519 mariti
830 2470 990 2520 vaticinium.
1014 2468 1136 2520 'Nisibin
1152 2466 1204 2519 mi-

112 2545 186 2609 grat.
220 2556 239 2589 a
261 2537 434 2590 sacerdotibus
457 2534 614 2587 Christianis
638 2538 767 2603 mysteriis
791 2536 924 2588 imbuitur.
959 2555 977 2588 a
993 2539 1083 2605 magis
1099 2537 1204 2603 quaeri-

114 2614 174 2666 tur,·
202 2608 230 2657 in
260 2622 387 2657 carcerem
412 2604 565 2656 diuturnum
594 2604 728 2655 traditur:
757 2607 818 2657 inde
841 2622 899 2672 per
912 2607 1036 2673 mageima
1067 2605 1203 2657 liberatur.

115 2671 297 2741 Hierosolymis
318 2680 411 2725 sancta
433 2673 536 2724 adorat.
571 2672 699 2725 Cleesrcne
711 2678 808 2741 satura
824 2674 960 2741 praedicit.
994 2674 1131 2741 Hierapoli
1147 2674 1205 2723 uita

114 2742 319 2793 innnocentissime
341 2747 445 2802 macta,
473 2742 502 2791 in
526 2741 701 2793 reclamabit.
754 2745 813 2807 (13)
844 2743 966 2794 chosroes
981 2744 1029 2794 Ser
1051 2745 1075 2793 io
1091 2742 1205 2808 martyri

115 2828 212 2861 rrsrrem
236 2827 344 2861 auream
366 2816 392 2860 et
414 2816 574 2878 gemmatam
591 2810 657 2861 dana
668 2814 736 2875 sort.
771 2812 880 2877 epistola
895 2812 1008 2862 eiusdem
1043 2816 1132 2863 erote
1149 2828 1204 2863 sus.

113 2880 260 2946 pnsthabita
283 2880 342 2951 lege
365 2878 485 2939 Peraea,
512 2877 600 2933 Sirum
620 2880 750 2945 sencinum
772 2880 949 2931 Christianam
974 2880 1047 2931 ducit
1068 2880 1203 2947 reginam-

117 2965 164 3021 que
180 2948 321 2999 restantiat.
363 2948 424 3007 (14)
441 2948 565 2997 Glrosraes
580 2950 677 3014 praetem
695 2965 713 2997 a
728 2950 823 3015 Sergio
840 2955 955 3015 martyre
971 2948 1118 3000 contendit.
1146 2964 1203 2997 eam

116 3018 188 3067 donis
201 3018 335 3083 epistolam
351 3015 448 3078 mittit,
475 3032 528 3083 qua
547 3032 573 3067 se
589 3017 645 3067 coti
660 3024 795 3084 compotem
813 3019 1047 3081 sensimsensrm,
1072 3034 1130 3069 eum
1145 3018 1203 3067 rin-

116 3086 206 3153 gulari
223 3102 289 3153 erga
305 3092 422 3135 saccetum
438 3086 597 3148 reverantia,
620 3092 645 3137 ct
662 3086 810 3138 Christiane
824 3104 937 3154 prorsus.
989 3090 1052 3153 (15)
1080 3086 1202 3152 tyranni-

44 3176 46 3181 ’
117 3155 156 3205 dis
179 3154 290 3205 Varamo
316 3154 411 3203 conscii
431 3160 511 3203 morte
534 3154 698 3221 plectanturs
723 3157 836 3207 Bindecs
858 3157 887 3206 in
906 3156 1040 3221 Tigridem
1056 3155 1201 3221 proiicitur.

113 3224 205 3289 sacrius
230 3229 255 3274 et
276 3238 331 3290 par
353 3222 422 3271 inter
446 3220 539 3273 Persas
563 3229 589 3273 et
611 3224 740 3277 liemanos
763 3242 794 3275 ce
810 3241 890 3291 aequa
907 3229 1034 3275 servatur.
1072 3221 1204 3273 Vaticiuia

118 3293 244 3343 Chaereae
278 3291 311 3341 de
342 3290 516 3341 hiematurum
549 3291 739 3360 Persarumque
771 3292 894 3359 imperiis.
939 3309 1006 3359 auae
1032 3292 1093 3343 item
1107 3289 1204 3344 sProbo

118 3362 231 3427 episcopo
265 3358 472 3411 Chalcidensium
505 3365 705 3423 praenuntiant.
741 3362 777 3412 ad
810 3377 851 3412 res
884 3358 1037 3427 Europa'eas
1070 3358 1204 3427 regressio.

119 3430 177 3495 (16)
206 3429 350 3480 Masuricias
372 3444 402 3479 er
427 3426 531 3477 Oriente
552 3431 637 3495 copies
656 3433 685 3482 in
703 3430 864 3481 Occidentem
881 3430 989 3482 reducit.
1024 3435 1116 3481 eontra
1132 3428 1204 3479 Aba·

120 3512 157 3547 res
179 3514 205 3548 se
228 3499 342 3548 instruit.
383 3502 497 3563 rogatur
519 3512 537 3545 a
560 3501 704 3562 proceribus
726 3508 752 3551 et
774 3499 932 3565 patriarcha.
954 3504 980 3550 ct
1000 3499 1059 3566 ipsa
1079 3499 1225 3564 Augusta

120 3573 195 3631 “litt
215 3567 316 3627 libert),
340 3582 372 3616 Μ
397 3566 452 3631 ipse
475 3563 562 3615 ductet
588 3568 732 3618 exercitum.
766 3568 833 3619 nihil
856 3568 1018 3635 impetratur.
1052 3566 1114 3620 solis
1131 3565 1205 3628 desa

120 3635 174 3685 ctio.
208 3642 340 3685 centonem
358 3635 450 3685 rabies.
486 3632 522 3683 ad
539 3633 657 3700 legatum
673 3636 830 3695 audiendum
846 3638 876 3689 in
890 3638 978 3688 urbem
995 3635 1072 3687 redit.
1106 3634 1143 3685 ad
1159 3648 1205 3681 et-

119 3704 269 3768 pediticncm
291 3705 437 3755 reuertitur.
471 3702 515 3770 pie
539 3718 615 3755 sacra
640 3706 709 3756 obit.¹
735 3707 889 3773 pauperibus
910 3706 1022 3780 benigne
1038 3700 1121 3772 satit.
1154 3698 1206 3753 iter

121 3773 171 3825 cius
184 3790 202 3825 a
218 3772 340 3843 ilomplsa.
375 3790 393 3825 a
409 3773 610 3841 spectrosarma
626 3775 679 3827 ruis
695 3775 852 3831 incursatur.
926 3821 927 3824 ,
954 3807 958 3823 .-
