2817 4742
502 324 727 396 suunttltla
1135 325 1160 393 9

79 495 148 562 nord
163 495 219 580 τὴν
237 489 484 584 Μαρτυρδπολιν
497 497 639 583 γίνεται,
655 498 706 563 καί
719 498 824 565 νικῶσι
835 489 980 578 Ῥωμαίοι
998 499 1160 582 λαμπρῶς,

79 598 125 666 άτε
145 606 200 668 τοῦ
221 605 354 687 Περσῶν
371 605 546 686 στρατηγοῦ
563 596 721 685 Μαρσάζα
739 600 790 666 καί
807 600 979 686 τρισχιλίων
992 595 1158 680 πεσόντων,

77 704 172 786 χιλίων
194 704 229 770 δὲ
252 701 481 790 ζωγρηθέντων.
528 704 584 769 ,καί
605 699 821 770 διαλλάσσεται
843 706 921 789 πρὸς
936 701 990 768 τδν
1006 699 1161 790 αάτοκρά-

80 831 148 892 τορο
173 804 217 870 δι’
236 801 475 894 Ἀριστοβούλου
502 803 539 872 τι)
565 801 791 892 στρατόπεδον·
824 797 942 890 γίνεταί
961 829 994 870 τε
1015 805 1095 872 κατά
1125 805 1162 872 εδ

61 905 218 995 ὀρροάριον
246 914 278 976 Γ
275 909 439 994 ιληγερδῶν
467 913 529 975 τῶν
554 909 721 991 δεσμωτῶν
737 903 897 990 Ῥωμαίων
916 906 1064 994 άριστεία.
1113 911 1165 974 καί

80 1016 106 1076 Γ
104 1009 239 1099 ρηγάριυς
253 1009 461 1094 δἈντισχείας
474 1009 629 1098 άρχιερεδς
645 1011 829 1076 Φιλιππικὸν
840 1011 892 1077 διά
908 1011 1069 1098 πρεσβείας
1085 1007 1165 1075 rimo·

82 1117 238 1198 καθίστησι
253 1121 298 1204 τῷ
314 1109 529 1200 στρατεύματι.
583 1111 739 1178 ἁλίσκεται
754 1116 788 1178 δὲ
801 1110 861 1178 int
880 1118 1013 1200 Περσῶν
1026 1109 1046 1196 ἦ
1068 1115 1166 1198 Μαρ-

81 1214 234 1308 τυράηυλις
263 1215 313 1282 διά
336 1219 433 1284 Σίττα
463 1212 565 1304 δόλῳ,
597 1217 647 1280 καὶ
672 1213 947 1302 άποχειροτονεῖται
972 1212 1166 1296 Φιλιππικάς,

82 1314 342 1442 καίβομεντίολος
354 1317 427 1386 ἀντ’
444 1317 541 1383 αὐτοῦ
553 1315 608 1384 adr
620 1316 776 1404 Περσικδν
790 1314 850 1384 int
862 1324 923 1385 ’τοῦ
937 1313 1168 1404 αὐτοκράτορος

51 1433 76 1484 10
84 1418 243 1488 ιαστεάεται
258 1420 401 1504 πόλεμον.
437 1419 466 1485 ot
482 1421 515 1486 δὲ
528 1425 559 1486 Γ
556 1418 620 1486 ίτοι
635 1419 703 1505 ἤτοι
720 1416 857 1503 Σκλάβοι
871 1421 911 1488 τά
926 1423 995 1506 περὶ
1008 1421 1065 1504 τὴν
1078 1417 1167 1512 Θρᾴ-

82 1552 131 1608 κην
151 1525 367 1606 ἐλυμαίνοντο,
393 1519 533 1608 η“Ρῶμη
555 1524 590 1589 δὲ
611 1523 688 1611 πρὸς
710 1522 784 1600 τοδς
798 1520 1037 1609 Λογγιβάρδσυς
1059 1523 1169 1590 loto-

83 1629 191 1707 πλίζετο
201 1674 212 1706 ,
237 1629 289 1692 καί
307 1623 499 1744 Λιβάητῶν
521 1628 737 1712 Μαυρουσίων
751 1627 942 1708 περιεγίνετο.
999 1620 1168 1707 Κομεντιά-

84 1734 133 1794 λου
146 1729 179 1795 δὲ
195 1736 439 1817 στρατηγοῦντος
454 1729 677 1810 συμπλίκονται
691 1728 761 1812 περί
776 1725 812 1792 ad
827 1721 1024 1812 Σισάρβανον
1037 1728 1168 1811 πλησίον

84 1833 205 1915 Νίσιβος
222 1834 344 1920 Πέρσαι
359 1833 409 1897 καί
419 1827 575 1911 Ῥωμαῖοι,
602 1831 654 1894 καί
673 1834 778 1894 νικῶσι
794 1828 873 1894 κατὰ
887 1826 999 1914 κράτος
1010 1825 1166 1914 Ῥωμαῖοι,

55 1931 250 2022 15Ἡρακλειόυ
273 1936 449 2018 περιφανῶς
473 1932 739 2015 λιευδοκιμοῦντος
760 1937 806 2022 τῶ
825 1929 954 2018 δόρατι·
973 1931 1084 1998 ’πίπτει
1106 1932 1167 2021 γάρ
1190 2017 1193 2022 ‚

86 2042 129 2102 καί
150 2037 242 2112 αὐτὸς
265 2032 282 2099 δ
306 2041 368 2112 τῶν
383 2039 516 2120 Περσῶν
534 2033 706 2121 στρατηγὸς
723 2029 890 2122 Φραάτης,
917 2037 967 2099 καί
991 2033 1168 2103 σκυλεάεται

85 2139 116 2204 τὸ
136 2138 286 2222 πολίμισν.
339 2135 382 2204 ἕτι
404 2139 439 2202 δὲ
457 2134 657 2222 διαλαμβάνει
679 2127 762 2214 ὅπως
776 2133 793 2203 δ
808 2137 923 2224 Βαρδμ
940 2133 1168 2223 Τοάρκουςκα-

86 2237 311 2326 ταπολεμήσος,
332 2241 383 2306 καί
404 2241 500 2307 notio
521 2245 655 2308 πλοῦτον
673 2236 825 2332 Ὁρμίσδρ
845 2246 891 2330 τῷ
910 2245 1035 2323 βασιλεῖ
1053 2236 1170 2323 ἐκεῖθεν

86 2341 266 2430 χορηγήσας,
292 2336 346 2431 ἦρε
369 2342 426 2429 τὴν
443 2338 600 2430 μάχαιραν
619 2343 762 2410 καὶκατὰ
778 2344 950 2420 Σουαιίας·
972 2339 1117 2426 Ῥωμαῖοι
1136 2346 1171 2410 δὲ

58 2442 232 2530 ίοῬωμονοῶ·
248 2452 494 2532 στρατηγοῦντος
508 2446 733 2529 συμπλίκονται
746 2445 861 2534 Βαράμ
878 2449 928 2512 καί
944 2453 988 2535 τῷ
1002 2443 1058 2511 ὑπ’
1075 2447 1171 2514 αὐτὸν

89 2557 217 2642 στρατῷ,
246 2552 297 2616 καί
320 2548 399 2626 κατά
418 2544 543 2636 κράτοςΙ
554 2556 669 2617 νικῶσι.
722 2536 774 2615 καί
795 2546 838 2626 ῶς
856 2548 908 2615 διά
923 2549 979 2634 τὴν
991 2540 1170 2636 ἦττονὈρ-

90 2655 189 2733 μίσδος
206 2661 251 2744 τῷ
265 2652 382 2740 Βαρὰμ
394 2653 584 2731 λιτονειδίζων
596 2653 766 2738 γυναικείαν
780 2648 910 2718 ἔστειλεν
930 2654 1069 2736 dodico·
1097 2650 1114 2716 ά
1135 2654 1171 2716 δὲ

91 2753 244 2845 ἀνθύβριζε
250 2775 263 2838 ,“
299 2755 459 2843 θυγατίροι
474 2753 635 2848 ,Χοσρόου
658 2754 734 2820 ἀλλ’
758 2742 900 2837 οὐχύίδν
917 2751 1092 2839 Ὁρμίσδαν
1107 2765 1173 2829 τοῖς

92 2851 255 2943 γράμμασιν
280 2856 531 2945 ἐπιγραφόμενος.
584 2857 617 2922 ἓν
632 2847 724 2946 ᾧκαί
730 2853 879 2943 Ἀρμένιοι
892 2852 1070 2939 ὑποθήκαις
1083 2861 1171 2937 Σαβ-

37 3023 41 3032 ,
62 2963 188 3040 lidorius
200 2961 255 3028 τὸν
267 2960 323 3042 μέν
337 2967 426 3046 σφῶν
440 2957 611 3047 στρατηγὸν
621 2954 766 3044 Ἰωάννην
783 2957 960 3048 άναιρσῦσι,
981 2968 1172 3047 προσχωρεῖν

93 3259 119 3314 td
134 3259 329 3334 hiertyrcpolim
352 3259 502 3328 conflictus,
524 3266 553 3317 et
574 3261 663 3318 horum
686 3263 797 3320 victorie
812 3261 1003 3336 praedicenda,
1029 3259 1095 3314 duce
1111 3259 1171 3314 hle-

94 3346 146 3384 ruzs
158 3327 302 3404 inperfecto
326 3336 353 3386 el
378 3333 461 3386 tribus
478 3333 613 3388 Persarum
634 3331 745 3387 millibus
760 3336 852 3402 ceptis.
886 3349 943 3385 cum
964 3333 1121 3397 imperatore
1143 3329 1172 3382 iu

94 3401 191 3467 gratian
208 3401 317 3455 reditur.
359 3401 387 3454 in
408 3401 513 3454 castello
531 3400 666 3468 Giligerdo
683 3401 853 3455 Romanorum
869 3401 1028 3470 captivorum
1044 3415 1174 3466 generosa

94 3467 174 3524 virtus.
207 3470 353 3539 Gregorius
377 3469 552 3538 archipraesul
568 3469 742 3522 Antioclrenus
758 3469 904 3540 Philippico
916 3469 918 3473 ’
930 3485 978 3538 ρετ
1000 3469 1102 3536 legatos
1123 3466 1174 3519 mi·

94 3533 153 3590 litum
173 3538 322 3602 voluntates
345 3543 493 3606 recuperat.
526 3535 612 3590 Sittae
635 3536 694 3590 dolo
716 3546 745 3591 et
763 3537 904 3609 impostura
921 3539 1019 3592 Persae
1038 3535 1174 3604 Martyro-

94 3605 137 3674 poli
153 3607 295 3675 potiuntur.
327 3605 489 3676 Philippicas
503 3604 586 3673 gradu
602 3604 738 3670 deficitur,
755 3615 783 3661 ct
799 3607 958 3667 comentiolo
975 3605 1068 3660 bellum
1084 3605 1176 3658 Persi·

94 3690 140 3726 σιω
155 3674 310 3728 decernitur.
345 3673 432 3727 Getae
453 3673 510 3726 sive
532 3673 621 3728 Soteri
638 3675 771 3730 Thraciae
794 3677 901 3730 finitima
917 3677 1057 3730 incursant.
1093 3673 1175 3724 Rome

93 3739 116 3794 in
130 3742 314 3813 Lougoberdos
336 3741 448 3795 vicissim
471 3757 541 3795 artua
564 3743 642 3812 capit.
675 3745 703 3798 in
720 3745 804 3815 Lybie
821 3747 908 3801 Mauri
924 3748 1070 3799 vincuntur.
1105 3740 1176 3810 apud

94 3808 244 3866 Silerhsuun
265 3828 347 3882 prope
364 3809 476 3865 Nisibin
493 3811 646 3866 comentioli
670 3815 749 3868 ductu
766 3817 873 3869 Romani
890 3815 986 3868 Perses
1002 3825 1098 3866 summe
1115 3825 1176 3877 ope,

95 3876 204 3936 Heraclio
216 3881 364 3935 'sd-lamam
380 3879 516 3950 insiguiter
531 3880 687 3947 dimicante,
704 3883 844 3938 debellant
879 3885 931 3939 dus
954 3883 1011 3950 ipse
1027 3879 1174 3947 Aphrestes

97 3950 202 4017 uppetit3
228 3949 313 4022 spolia
335 3949 470 4020 legunturc
497 3950 646 4019 imperatori
669 3953 783 4023 pretiosa
799 3953 861 4006 iude
877 3968 982 4007 munera
998 3946 1176 4004 transmittun-

99 4018 142 4070 tur.
172 4020 297 4075 Varenus
319 4019 415 4074 Turois
436 4019 566 4089 superatis
590 4021 710 4076 suaniam
733 4023 894 4092 aggreditur.
929 4021 962 4072 ‹le
986 4019 1096 4069 Vareno
1120 4016 1176 4068 Ro-

100 4085 155 4136 muli
170 4087 282 4142 Βουααο
300 4087 365 4142 duce
382 4088 554 4158 triumphante
580 4089 622 4143 cui
643 4091 714 4144 victo
740 4089 913 4160 exprobrandi
929 4103 1007 4140 causa
1024 4083 1176 4138 Hormisdas

101 4152 229 4228 muliebrem
246 4156 337 4211 stolam
355 4156 441 4210 mittit.
476 4157 519 4210 ille
543 4160 719 4214 contumelium
742 4160 893 4214 contumelia
909 4154 1078 4210 ulciscendam
1095 4159 1177 4215 retus,

103 4232 124 4268 ιο
139 4221 252 4301 epistolae
278 4226 447 4297 inscriptione
464 4227 595 4290 chosroae
619 4246 669 4284 uon
694 4229 773 4283 fllium
796 4228 843 4283 sed
867 4226 946 4281 liliam
970 4224 1091 4294 appellet.
1125 4224 1178 4273 Ατ-

104 4289 166 4342 ιιειιιί
191 4294 316 4364 Symbatii
346 4295 476 4351 cuiusdam
504 4295 613 4368 inpulsu
636 4299 755 4354 Ioannem
777 4306 922 4371 praetorem
944 4311 1017 4350 suum
1037 4290 1176 4350 trucidant,
