2817 4742
387 272 680 341 Hlsuomlnuul
704 275 762 343 llI.
792 276 849 347 17.
1101 278 1170 349 151

75 440 147 507 ὁδ’
170 442 219 507 lut
242 448 280 529 τῇ
300 446 446 537 πρεσβείιγ
467 442 756 531 καταγαυροόμενος
777 446 864 530 η’ξίου
886 454 1126 534 φορολογείσθαι
1140 450 1173 526 te

74 548 110 611 τό
125 545 261 632 φανερόν
276 545 535 632 τοδςῬωμαίους,
544 549 720 635 Ἀρμενίους
733 575 766 615 τε
785 550 971 636 καλἼβηρας
986 548 1170 635 ἐνόπηκόοις

75 656 188 728 τελεῖν,
217 646 375 734 Ῥωμαίων
397 659 489 719 τοῦτο
509 654 724 738 παρεχομένων
745 652 848 742 αὐτῷ,
882 651 920 720 τό
943 678 976 719 τε
997 651 1110 739 Δόρσς
1124 656 1168 739 με)

75 752 284 834 ἓπιζητεῖοθαι
304 754 410 819 λοιπόν
435 752 496 821 siud
518 762 574 821 τοῦ
596 758 776 840 Καίσαρος,
812 759 910 823 καίτοι
939 754 1089 839 Χοσρόου
1110 765 1168 824 τοῦ

50 854 194 938 5ποτρδς
208 856 255 919 dni
277 856 433 933 τοΐςίσοις
444 858 656 942 βουληθίντος
675 858 732 935 τάς
744 858 911 944 διαλλαγάς
932 857 1108 925 ἀντιδοῦναι
1123 867 1168 949 τῷ

73 961 211 1038 Καίσαρι
218 1007 229 1045 ,
257 956 294 1024 τό
323 986 354 1025 τε
376 958 489 1047 Δόρας
510 961 566 1027 cdx
588 958 823 1039 ἀπαξιώσαντος
850 961 1106 1053 ἀποκαταστῆσαι
1127 967 1170 1051 τῇ

72 1067 135 1127 τῶν
146 1058 305 1143 Ῥωμαίων
320 1062 410 1150 ἀρχῇ.
448 1066 512 1129 ἐπεί
527 1065 562 1130 dd
576 1064 618 1137 τάΙ
630 1072 685 1147 τῆς
698 1064 875 1143 ἀλαζονείας
885 1062 1052 1147 Ὀρμίσδου
1069 1090 1168 1158 κατα,-

73 1170 157 1249 (parii
178 1167 312 1254 Τιβερίῳ
325 1174 369 1254 τῷ
386 1164 589 1253 αὐτοκράτορι
603 1168 703 1251 γέγονε
712 1217 723 1246 ,
748 1168 865 1251 θίρους
884 1168 1091 1253 ἐπιγενομένου
1107 1167 1170 1234 πό-

72 1272 119 1330 λιν
140 1270 321 1350 Μαυρίκιος
342 1269 399 1345 τάς
419 1268 563 1352 δυνάμεις
583 1270 739 1352 ἀθροίσας
759 1271 886 1355 ίνδημιΐ
900 1278 938 1356 τῇ
958 1272 1107 1355 Περσίδι,
1136 1272 1166 1348 le
1182 1268 1205 1323 Ρ
1223 1272 1259 1328 86

37 1370 108 1438 luri
120 1370 284 1451 ἀντιπέρας
297 1378 352 1436 τοῦ
370 1374 514 1457 Τίγριδος
527 1370 684 1455 Ῥωμανόν
699 1398 731 1438 τε
744 1376 795 1438 καί
811 1370 1015 1458 (erudiemur,
1040 1376 1091 1438 ναί
1103 1373 1167 1456 μὴν

73 1476 123 1536 καὶ
140 1477 308 1557 Μαρτῖνυν
329 1472 516 1562 πεπομφώς,
544 1476 584 1541 ‘cd
608 1473 763 1561 ε’νδόμυχα
777 1483 832 1560 τῆς
847 1481 995 1560 Μηδικῆς
1008 1474 1166 1542 κατασκό-

72 1594 208 1665 ιμαντας.ι
256 1576 286 1640 οἳ
301 1578 359 1658 μίν
371 1572 425 1642 crin
438 1576 630 1661 εἰσβαλόντες
644 1578 711 1661 ἅμα
733 1586 772 1665 τῇ
787 1585 842 1645 τοῦ
859 1579 1070 1665 οτρατοπίδου
1085 1584 1166 1663 πλη-

72 1676 147 1758 adt,
176 1678 225 1741 καί
242 1685 304 1743 τῶν
325 1684 457 1762 Περσῶν
477 1677 655 1763 ληίσόμενοι
668 1680 704 1746 td
717 1679 843 1765 γόνιμόν
864 1706 896 1745 τε
910 1684 960 1763 καί
973 1680 1166 1746 edentium-

73 1806 143 1859 τον,
171 1784 222 1844 καί
236 1787 340 1845 πᾶσαν
356 1782 412 1865 τὴν
431 1789 487 1847 τοῦ
511 1783 627 1867 θέρους
645 1782 730 1869 ὥραν
753 1793 818 1857 τοῖς
835 1787 1000 1866 Περσικοῖς
1012 1784 1167 1867 ίνδιατρί-

37 1904 65 1956 15
72 1900 187 1962 ψαντες
202 1879 327 1967 φόνοις,
356 1884 396 1949 κά
409 1892 471 1950 τῶν
487 1882 611 1969 Μήδων
625 1882 738 1971 ίκειρόν
756 1910 789 1951 τε
805 1888 855 1950 καί
873 1883 1082 1969 διωλόδρευον
1095 1888 1166 1951 λίαν

72 1986 234 2069 ἐγκρατῶς.
285 1982 302 2049 ό
324 1987 358 2049 δὲ
376 1982 534 2067 Ῥωμαίων
556 1985 725 2070 ἡγούμενος
742 1995 892 2071 χειμῶνος
913 1984 1099 2063 ἀπελθόντος
1123 1992 1166 2064 είς

72 2089 125 2171 τὴν
138 2088 358 2153 Καππαδοκῶν
370 2086 559 2173 λίαισάρεισν
572 2091 696 2173 γίνεται.
747 2090 863 2173 θίρους
877 2087 1093 2174 δι”περιιόντος
1106 2084 1165 2155 nei-
1180 2089 1204 2141 Β

73 2196 124 2265 θος
137 2188 218 2255 κατὰ
233 2188 289 2275 τὴν
311 2186 391 2279 ἑῴαν
412 2190 537 2277 ἀφίκετο
559 2190 601 2265 είς
619 2217 652 2257 τε
675 2190 845 2275 Κιρκήσιον
856 2188 991 2273 πόλισμα
1003 2189 1164 2273 Ῥωμαίων

74 2298 273 2381 πανστρατιᾷ.
325 2290 389 2358 είτα
412 2294 464 2358 dni
488 2300 544 2377 τῆς
564 2289 680 2378 ίρήμου
705 2293 743 2359 τό
763 2294 869 2360 λοιπόν
887 2300 941 2377 τῆς
960 2294 1108 2379 Ἀραβίας
1120 2299 1163 2371 είς

39 2394 127 2477 merie
149 2396 356 2477 Βαβυλωνίαν
383 2396 519 2481 ἠπείγετο
546 2404 603 2483 γῆν
630 2392 817 2483 ἀφικίσθιιι,
851 2394 916 2462 εἶτα
944 2395 999 2462 τόν
1029 2394 1163 2478 πόλεμον

72 2498 264 2584 παρακλίψαι
280 2504 318 2585 τῇ
340 2498 475 2589 ἀγχινοίιγ
493 2507 546 2565 τοῦ
563 2497 786 2585 ἐγχειρήματος.
838 2501 995 2565 συνείπετο
1011 2500 1045 2565 δὲ
1061 2498 1163 2591 τοότιρ

74 2597 170 2667 darie
191 2598 337 2685 νομάδων
364 2599 536 2688 βαρβάρων
562 2599 747 2687 ἡγούμενος,
780 2599 1032 2685 Ἀλαμοόνδαρος
1062 2601 1163 2684 ὄνομα

75 2702 170 2793 αότῷ·
192 2702 226 2770 όν
239 2729 318 2791 φασι
334 2702 509 2788 κατάδηλον
523 2712 567 2792 τῷ
576 2689 709 2791 Περσῶν
722 2710 848 2786 βασιλεῖ
859 2706 916 2787 τὴν
931 2711 993 2769 τῶν
1003 2701 1162 2786 Ῥωμαίων
1230 2787 1235 2797 Ι

75 2808 246 2872 ἐπιστασίαν
260 2803 469 2891 ποιήσασθαι·
495 2804 699 2873 ἀπίστότατον
714 2807 773 2895 γὰρ
787 2811 838 2873 καλ
856 2804 1110 2891 ἀλλοπρόσαλλον
1123 2809 1160 2874 τό

43 2910 278 2993 λᾶΣαρακηνικάν
292 2916 390 2996 φῦλον
405 2910 595 2993 καθίστηκε,
623 2907 734 2995 πόγιόν
746 2938 779 2977 τε
793 2910 846 2976 τόν
859 2916 933 2976 νοῦν
947 2914 996 2974 καί
1011 2908 1066 2992 τὴν
1079 2910 1160 2994 γνοί-

73 3037 127 3095 μην
141 3010 217 3099 πρός
232 3011 268 3078 τό
285 3019 411 3101 σῶφρον
426 3014 590 3101 ἱδρυμένην
604 3011 660 3078 οὐκ
677 3012 755 3096 ἕχον.
806 3016 857 3078 καί
880 3006 936 3080 οὖν
957 3014 990 3078 dx
1013 3009 1125 3079 τοότυυ
1140 3009 1157 3080 d
1175 3015 1200 3068 0

74 3224 151 3263 nanos
166 3210 266 3266 tribute
302 3209 533 3274 oseit,1lrmenios
551 3216 579 3264 et
594 3210 684 3263 Iberas
701 3208 823 3263 Romanis
839 3209 1010 3263 annuentibus
1027 3210 1078 3265 sibi
1094 3212 1158 3263 sub-
1179 3258 1182 3261 .

74 3278 146 3331 iectus
168 3280 257 3349 cupit3
279 3227 375 3332 Barcen
400 3296 417 3332 a
440 3279 549 3334 Tiberio
574 3296 624 3331 non
646 3279 731 3347 repeti
753 3278 878 3348 amplius,
902 3279 1005 3332 tametsi
1030 3280 1158 3333 chosroes

75 3354 139 3413 pater
155 3348 245 3417 aequis
262 3348 453 3401 conditionibus
469 3364 525 3401 curn
543 3350 656 3401 Caesare
673 3350 700 3399 ln
723 3350 833 3417 gratiam
850 3348 936 3400 redire
953 3355 981 3399 et
995 3349 1092 3401 Dararn
1108 3348 1157 3399 im-

75 3416 138 3531 perio
155 3418 268 3470 Romano
287 3416 427 3470 restituere
442 3434 493 3469 non
509 3417 703 3470 detrectaverit.
739 3418 783 3468 ubi
802 3418 835 3468 de
852 3416 999 3483 arrogantia
1015 3416 1088 3484 regis
1105 3416 1156 3468 'ri-

89 3486 150 3537 erius
167 3484 303 3555 comperit,
324 3492 425 3538 aestate
438 3488 554 3555 proxima
571 3485 713 3539 Mauricius
727 3485 869 3538 contractis
885 3486 976 3537 iterum
993 3486 1075 3553 copiis
1089 3485 1155 3537 Per-

75 3552 142 3605 sidem
161 3556 293 3623 ingressus
309 3570 343 3605 ex
362 3556 472 3607 adverso
490 3554 608 3623 Tigridis
624 3564 713 3608 castre
728 3554 807 3616 locat,
823 3554 1015 3620 Romanumque
1031 3553 1156 3606 Theudo-

75 3620 141 3674 ricnm
158 3631 184 3675 et
202 3622 341 3677 Martinam
359 3622 394 3676 ad
419 3623 544 3677 interiora
567 3624 639 3691 regui
657 3624 803 3676 divexanda
819 3621 934 3675 dimittit.
968 3622 1006 3673 illi
1022 3620 1155 3675 florentis-

75 3691 149 3742 sinanr
164 3709 285 3759 agrorum
308 3694 408 3762 copiam
432 3701 460 3744 et
476 3694 620 3745 universnm
638 3693 747 3745 aestatis
762 3692 942 3744 amoenitatem
957 3690 1155 3761 depopulantes,

76 3775 101 3810 sc
116 3760 233 3813 caedibus
250 3770 415 3830 grassantes,
432 3762 569 3815 Persarum
585 3761 664 3813 rebus
681 3760 862 3814 vastitudinem
880 3759 1081 3829 pestiferamque
1097 3760 1153 3811 cla·

77 3827 123 3881 den
143 3830 301 3883 invenerunt.
337 3828 480 3883 Mauricius
502 3833 551 3883 sub
574 3830 711 3883 adventurn
734 3828 825 3882 hiemis
841 3830 994 3881 Caesaream
1012 3827 1152 3897 Cappado-

77 3894 123 3947 ciae
137 3898 258 3952 discedite
282 3906 383 3951 aestate
400 3900 518 3967 sequenti
535 3899 561 3950 in
578 3899 712 3953 Orientem
734 3914 825 3952 rursus
841 3907 870 3950 et
886 3900 920 3951 ad
936 3896 1079 3949 Circesium
1096 3896 1153 3949 Re-

78 3979 188 4019 naucrum
202 3968 327 4036 oppidum
344 3977 402 4021 tcto
420 3986 477 4020 eum
499 3968 614 4019 exercitu
635 3966 751 4023 advenit.
786 3966 847 4019 inde
865 3983 913 4036 per
928 3964 1040 4019 Arabiae
1057 3964 1151 4017 solitu-

79 4030 147 4086 dinem
163 4036 188 4089 in
212 4037 342 4089 Persidem
379 4036 489 4089 refieiaci
508 4036 662 4099 maturavit,
685 4046 716 4089 nt
732 4035 832 4090 sollerti
849 4051 913 4087 ausa
931 4035 1020 4087 ltostes
1037 4035 1150 4086 fallerer.

79 4114 124 4153 tun
140 4104 319 4159 llnmundarns
337 4056 481 4159 litimedunt
499 4107 663 4159 barbarorum
681 4106 734 4158 dux
752 4104 903 4167 comitatur,
919 4120 993 4171 quen
1011 4102 1070 4185 regi
1087 4103 1150 4156 Per·

78 4182 145 4249 aarum
161 4174 192 4227 de
208 4176 378 4229 Romanorum
396 4176 507 4228 adventu
524 4173 652 4227 indicasse
668 4176 819 4242 perhibente
842 4172 972 4226 Saracenis
989 4188 1089 4241 qnippe
1106 4189 1152 4224 na-

79 4243 106 4289 tu
121 4239 261 4300 lutidirsina
277 4242 328 4299 iam
345 4243 405 4298 hnic
422 4244 473 4299 iam
491 4242 528 4297 illi
544 4244 612 4297 salet
629 4243 836 4306 adhaerescere,
858 4242 1019 4311 animumque
1035 4241 1152 4295 stabilem
