2817 4742
518 367 575 434 ΔΙ)
596 363 835 436 LECTOREM.
886 384 889 390 ·
1162 386 1227 428 nnn

133 539 378 628 cluentissimum
417 539 633 606 similitudines
664 539 704 605 ad
727 536 936 604 illustrandum
963 533 1227 614 accommodatae3

132 646 234 708 multa
254 643 415 733 prudenter
434 643 530 727 dicta,
555 645 651 708 multa
670 644 722 732 pie
743 642 902 732 explicata.
952 637 980 704 si
998 636 1089 720 igitur
1101 638 1227 702 historio

130 769 259 835 quoquo
277 745 372 810 modo
398 749 507 835 scripta
527 746 669 829 delectat,
711 747 786 811 lraec
803 743 930 810 historie
951 742 1061 828 scripta
1082 739 1121 804 ad
1144 742 1224 804 hunc

129 849 264 914 modum
284 871 409 915 necessa
428 862 475 914 est
490 853 587 914 multo
610 849 741 938 amplius
761 847 909 931 delectet3
935 845 968 909 in
990 845 1074 908 cuius
1086 855 1227 908 contextu

131 951 253 1018 Graeco
272 952 440 1017 innumeris
462 954 536 1018 locis
555 951 745 1018 emendando
767 963 798 1016 et
810 946 1119 1039 interpungendonos
1133 949 1226 1011 etiam

130 1067 223 1144 atque
236 1057 329 1120 etism
344 1057 551 1142 maioremque
565 1056 598 1120 iu
616 1055 743 1120 modum
756 1057 911 1129 laborasse
923 1050 1027 1117 credas
1044 1053 1148 1116 velim.

236 1157 305 1224 lam
326 1181 400 1224 vcro
419 1157 564 1240 Photius,
587 1160 638 1246 qui
659 1159 692 1222 in
712 1157 824 1221 iudicio
838 1157 876 1220 da
889 1160 945 1221 hac
956 1155 1083 1219 historia
1102 1150 1227 1218 ferendo

130 1273 257 1325 acastum
278 1283 312 1326 aa
332 1264 484 1349 praebuit,
509 1265 542 1326 in
563 1263 750 1350 synopsibns
772 1282 825 1324 seu
846 1259 1028 1341 argumentis
1041 1259 1227 1338 singulorum

131 1365 282 1428 librorum
309 1364 504 1430 conficiendis
524 1385 631 1453 pamm
655 1375 788 1427 accurate
808 1362 994 1448 fideliterque
1014 1371 1151 1426 versatus
1170 1370 1227 1425 est.

130 1467 218 1530 haud
248 1468 331 1531 enirn
358 1470 490 1553 ipsemet
517 1489 559 1530 ex
585 1468 716 1531 lectione
742 1479 774 1530 et
800 1466 948 1529 memoria
969 1465 1038 1527 illas
1059 1460 1230 1549 composuit

132 1568 242 1656 (quod
262 1569 365 1633 multis
387 1569 451 1632 iam
470 1591 647 1656 persuasum
668 1569 791 1657 opinor,
817 1568 868 1655 qui
887 1558 1150 1654 Theopliylactum
1170 1586 1230 1625 no·
1261 1600 1263 1604 ·

133 1683 233 1735 suum
254 1671 389 1736 nondum
410 1671 550 1738 viderunt
563 1683 593 1736 et
606 1672 787 1737 Photianam
800 1670 1020 1735 Bibliothecam
1032 1667 1230 1745 evolvemnt)

132 1775 189 1838 sed
203 1776 349 1838 lemmata
362 1796 417 1838 seu
430 1777 597 1839 summulas
617 1775 802 1851 sectionum,
823 1775 861 1835 ab
881 1771 981 1856 aliquo
1002 1771 1114 1834 lectore
1127 1780 1178 1832 aut
1190 1767 1230 1836 li·

132 1877 237 1940 brario
258 1877 463 1952 indoctarum,
495 1888 527 1937 et
548 1875 581 1937 in
602 1876 753 1940 vestibulo
776 1875 868 1938 totius
888 1873 1005 1959 operis,
1029 1883 1063 1935 ut
1082 1892 1151 1935 mos
1173 1881 1229 1949 est,

134 1980 230 2042 simul
251 1979 414 2040 ordinatim
433 1979 565 2064 positas,
589 1989 623 2041 ut
641 1977 775 2055 invenit,
800 1975 843 2038 ita
855 1976 889 2038 in
902 1987 971 2040 octo
983 1974 1141 2039 fasciculos
1155 1995 1231 2036 con-

134 2080 280 2160 strinxit,
306 2100 340 2141 ae
353 2080 430 2143 nihil
443 2101 524 2166 pone
537 2100 556 2142 a
569 2100 603 2143 se
616 2077 861 2143 animadversum
874 2077 1071 2158 interliciens,
1097 2076 1230 2141 alienmn

135 2183 277 2246 laborem
290 2204 345 2269 pro
360 2204 415 2245 suo
431 2183 519 2245 nobis
534 2182 660 2246 obtrusit
673 2193 703 2245 et
716 2184 820 2244 fucum
832 2181 914 2247 iecit.
953 2203 1022 2244 cum
1036 2191 1137 2244 antem
1150 2181 1231 2242 lem-

134 2297 218 2348 mata
238 2286 292 2348 illa
312 2307 391 2348 nunc
411 2286 583 2372 imperfecta
607 2285 685 2364 sint,
705 2306 785 2346 nune
797 2285 900 2348 minus
913 2303 1005 2370 quarn
1017 2305 1074 2371 pro
1086 2305 1120 2353 re
1133 2282 1232 2346 conti·

135 2399 246 2468 neant,
272 2409 351 2449 nune
372 2389 441 2480 plus
461 2386 647 2466 contineant,
666 2409 747 2450 nnnc
760 2390 799 2450 ab
813 2386 919 2451 ordine
932 2407 1033 2450 rerum
1046 2398 1231 2450 narratarum

135 2489 323 2577 discrepent,
348 2511 427 2552 nnnc
449 2491 525 2552 lalsa
544 2490 620 2570 sint,
646 2491 721 2553 haee
741 2491 843 2553 omnia
856 2491 931 2556 vitia
943 2489 977 2552 in
989 2489 1132 2578 epitomis
1145 2486 1231 2552 Pho-

136 2594 229 2656 tianis
251 2614 347 2678 acque
367 2594 563 2678 reperiuntur.
612 2593 721 2679 quibus
742 2615 800 2657 nos
820 2592 962 2657 tollendis
976 2615 1101 2680 operam
1114 2591 1231 2669 dantes,

137 2697 290 2784 epitomas
302 2695 341 2757 ad
354 2695 454 2782 ipsam
466 2696 643 2760 narrationis
657 2697 872 2777 integritatem,
891 2696 1002 2760 seriem
1015 2696 1233 2778 veritatemque

138 2797 456 2878 accommodavimus3
496 2797 577 2885 ‹prrod
601 2799 689 2862 facile
706 2799 881 2886 perspiciet,
906 2799 960 2884 qni
980 2799 1137 2885 periochas
1158 2796 1232 2877 istas

139 2901 208 2965 sive
234 2913 409 2981 argumenta
428 2900 494 2964 sive
514 2922 679 2987 synopses,
698 2911 732 2963 ut
744 2901 834 2964 nobis
846 2902 957 2988 placuit
971 2901 1138 2987 appellare,
1163 2918 1233 2960 cum

139 3003 179 3066 iis
192 3024 272 3090 quae
286 3001 365 3089 apud
378 3003 520 3080 Photium
534 3005 672 3084 leguntur
691 3005 826 3066 conferte
848 3003 985 3067 voluerit.
1036 2999 1234 3089 quamobrem

140 3106 200 3168 etsi
221 3106 288 3168 eius
308 3093 420 3168 nomen
434 3107 467 3167 in
481 3105 530 3168 his
545 3106 683 3168 omittere
697 3105 765 3169 sine
777 3106 895 3193 piaculo
909 3117 1099 3194 poteramus,
1124 3125 1164 3168 ne
1183 3114 1232 3166 ta-

139 3229 215 3270 nnen
243 3209 396 3294 quispiam
420 3208 634 3290 recognitionis
654 3230 709 3272 seu
733 3207 953 3273 emendationis
973 3221 1093 3274 nostrae
1112 3206 1233 3289 ignarus

140 3321 194 3372 nut
213 3330 272 3372 nos
291 3321 355 3372 tam
374 3311 509 3374 nobilem
528 3311 704 3398 scriptorem
730 3311 866 3377 nondum
893 3311 1006 3377 vidisse
1028 3310 1232 3388 admiraretur,

141 3424 196 3474 aut
219 3411 265 3474 illi
288 3413 415 3493 gloriam
428 3433 515 3475 suam
529 3412 676 3477 invidisse
689 3413 875 3498 opinaretur,
905 3413 1087 3500 synopsibus
1107 3411 1234 3495 singtilis

142 3513 248 3578 Photii
269 3515 470 3602 patriarchae,
488 3514 586 3576 immo
605 3512 907 3602 pseudopatriarchae
928 3537 1041 3579 nomen
1054 3515 1234 3603 praeposui-

142 3637 226 3682 mus.
276 3618 309 3678 in
324 3617 421 3704 capita
436 3636 680 3704 unumquemque
691 3617 802 3681 librum
815 3639 874 3682 nos
887 3618 1019 3705 primum
1032 3630 1169 3682 nostrum
1182 3639 1235 3682 se·

143 3720 207 3782 cuti
225 3716 370 3786 iudicium
388 3719 567 3801 divisimus,
588 3731 620 3784 et
639 3741 730 3786 suum
748 3722 854 3811 cuique
866 3734 1076 3806 argumentum
1088 3720 1235 3812 praeseri·

145 3841 277 3910 psrmus.

306 3989 363 4054 DE
386 3987 679 4059 INSGRIPTIONE
702 3990 826 4060 HUlUS
850 3991 1082 4061 fflsromffl

247 4125 355 4192 Libros
375 4129 469 4193 hosce
489 4127 694 4214 οἰκουμενικὴν
715 4129 852 4216 ἱστορίαν
871 4153 934 4196 non
948 4131 1067 4217 abipso
1080 4127 1235 4210 historico,

151 4227 206 4290 sed
227 4233 264 4293 ab
285 4232 387 4318 aliquo
408 4233 504 4320 ipsius
526 4233 662 4299 studioso
676 4237 787 4299 lectore
800 4247 851 4298 aut
863 4234 983 4299 librario
995 4233 1153 4322 inscriptos
1167 4235 1236 4298 exi-

150 4331 256 4413 stimo,
282 4334 363 4422 quod
375 4337 561 4405 observarirn
573 4350 710 4405 vetustos
722 4339 881 4428 scriptores
894 4337 935 4402 de
946 4337 1041 4402 titrdis
1053 4359 1237 4403 monumen-
