2817 4742
237 226 309 296 152
616 220 942 292 THEOPHYLAGI'I

234 402 299 463 τῶν
321 399 456 481 Περσῶν
475 392 619 476 βασιλεδς
639 396 688 460 ini
713 393 899 460 Καλλίνικον
918 386 1006 457 πόλιν
1019 388 1074 456 τδν
1094 383 1229 473 πόλεμον
1240 414 1320 472 μετε-

236 496 390 586 φότευεν,
417 495 638 582 ’Λδνρμαάνην
668 494 887 583 χειροτονήσας
917 502 974 579 τῆς
1004 489 1154 571 ἐκτάξεως
1177 489 1322 576 κηδεμόνα

237 602 295 669 οὐκ
318 600 519 686 άφυίστατον.
572 602 636 667 ἐπεὶ
658 602 764 666 τοίνυν
785 596 1069 682 όἈλαμοόνδαρος
1086 603 1224 681 κηφῆνος
1244 598 1324 678 δίκην

236 711 294 788 τῆς
307 706 450 787 μελίττης
462 704 536 780 τοδς
550 705 700 787 σίμβλους
714 700 873 789 ἠφάνισεν,
895 706 986 769 είπεῖν
1000 702 1034 765 δὲ
1049 698 1165 765 τσότδν
1177 697 1219 763 τά
1231 702 1325 764 Μαυ-

238 798 335 893 ρικίου
358 806 496 890 ἐπίχειρα
509 806 720 892 άνετρίψατο,
751 803 886 890 άνόνητα
903 806 1016 891 γίνεται
1031 799 1193 885 Ῥωμαίοις
1213 800 1345 882 trictici

239 909 317 975 κατὰ
339 905 463 992 Μήδων
491 894 702 995 ἐπιστρατείας
723 905 892 995 κινήματα·
924 908 1165 991 παλινδρομοῦσι
1187 903 1248 990 γάρ
1276 905 1329 978 τάς

238 1012 315 1079 οἷ’κοτ
339 1014 503 1098 συμφοράς
525 1012 759 1095 ἀποσβέσαντες.
812 1015 862 1077 καί
883 1014 963 1092 δῆτα
984 1006 1187 1095 όστρατηγδς
1204 1006 1263 1083 τάς
1276 1007 1328 1087 μὲν

238 1114 425 1199 σιταγωγοδς
450 1112 601 1195 ὁλκάδας,
638 1116 676 1181 αλ
692 1116 771 1181 κατδ
796 1115 850 1181 τόν
869 1109 1040 1198 Εὐφράτην
1054 1116 1231 1177 συνείποντο
1249 1110 1329 1196 αὐτῷ

239 1215 396 1301 ποταμόν,
423 1221 513 1305 φλοξὶ
534 1218 631 1305 πυρός
651 1217 864 1284 άνατίθεικεν·
900 1215 994 1292 αὐτὸς
1015 1217 1048 1281 δὲ
1068 1214 1126 1279 oris
1146 1224 1213 1289 τοῖς
1234 1213 1330 1297 ίκκρί-

239 1345 305 1395 τοις
323 1327 380 1386 τοῦ
399 1321 608 1406 στρατοπέδου
622 1318 664 1398 ὥς
679 1318 810 1405 τάχιστα
822 1321 934 1405 γίνεται
949 1317 1027 1403 πρὸς
1041 1317 1097 1399 τὴν
1109 1313 1196 1381 πόλιν
1214 1315 1328 1381 Καλλί-
1337 1326 1366 1379 lo
1401 1357 1402 1436 ρ

239 1448 331 1488 νικον.
369 1424 410 1498 είς
423 1420 529 1507 χεῖράς
548 1450 580 1489 τε
603 1431 665 1487 τιῖιν
678 1420 901 1508 συνταγμάτων
917 1416 1082 1507 γεγονότων
1102 1425 1165 1485 τῶν
1177 1415 1330 1505 Πάρθων,
1402 1455 1403 1540 ρ

239 1520 393 1611 δπερρχὴν
425 1525 461 1590 τό
482 1522 651 1606 Ῥωμιιὶλιδν
679 1524 847 1612 άπεφίρετο
868 1521 954 1607 δόρυ.
1013 1527 1114 1609 φυγῆς
1141 1524 1246 1589 τοίνυν
1273 1526 1331 1586 τῶν
1402 1543 1404 1608 ἠ

243 1630 377 1712 Περσῶν
391 1626 548 1710 γενομίνης
564 1626 725 1712 άιακωχην
739 1628 778 1693 τά
793 1634 850 1712 τῆς
863 1628 1005 1713 ἐπηρείας
1021 1621 1202 1705 ἐλάμβανεν.
1404 1651 1405 1702 η

137 1702 227 1828 ρηηιέ
349 1727 407 1796 18.
461 1734 516 1817 Τῷ
537 1727 569 1794 δ’
594 1729 709 1796 ε’πνόνττ
729 1731 857 1818 ίνιαυτῷ
880 1723 1092 1810 Ταμχοσρτδό
1115 1731 1172 1792 τοῦ
1188 1726 1334 1811 Μηδικοῦ
1405 1749 1406 1780 t

243 1830 415 1917 στρατηγὸς
431 1828 566 1915 μεγάλας
587 1838 643 1896 τοῦ
666 1836 824 1917 Περσικοῦ
847 1828 990 1913 δυνάμεις
1016 1826 1232 1913 περιαγόμενος
1259 1828 1333 1914 πρός
1341 1840 1371 1894 15
1406 1847 1407 1860 ¹

242 1940 282 2020 τῇ
299 1935 519 2019 Ιίωνσταντίνη
530 1944 633 2019 χωρεῖ.
684 1930 846 2000 καττύεται
867 1936 947 2016 δῆτα
971 1934 1003 1997 ἐν
1025 1927 1127 2020 τούτῳ
1149 1938 1194 2020 τῷ
1206 1934 1334 2022 ἐνιαυτῷ
1407 1945 1408 1954 ’

241 2035 336 2121 μίγας
360 2037 411 2099 καλ
433 2034 694 2113 ε”ξακουστότιιτος
718 2033 851 2119 πόλεμος
868 2032 1031 2117 Ῥωμαίοις
1054 2060 1086 2100 τε
1106 2036 1156 2099 καί
1176 2031 1335 2118 Πάρθοις.

243 2136 260 2206 ὃ
276 2139 332 2221 μίν
355 2130 410 2204 σόν
429 2144 486 2203 τοῦ
510 2142 655 2222 Μηδικοῦ
670 2140 842 2224 στρατηγός
864 2140 896 2203 ἓν
910 2149 974 2212 τοῖς
989 2132 1123 2222 πράτοις
1136 2143 1194 2219 τῆς
1205 2137 1336 2222 άγωνίας

245 2238 405 2326 γενόμενος
418 2240 472 2305 τόν
484 2242 553 2321 βίον
573 2242 761 2326 κατίστρεηιε
776 2239 902 2326 δόρατι,
929 2246 1102 2323 πλημμελεῖ
1111 2240 1145 2305 δὲ
1161 2239 1199 2307 τό
1211 2237 1336 2323 βάρβα-

244 2368 300 2429 ρον
317 2346 367 2408 καί
383 2349 487 2409 νικῶσι
499 2339 653 2428 Ῥωμαῖοι.
705 2345 735 2411 oi
751 2346 784 2410 δὲ
796 2341 954 2429 βάρβαροι
968 2348 1129 2409 πείθονται
1146 2343 1177 2420 ig
1190 2344 1249 2427 τὴν
1264 2341 1374 2410 ico-w

243 2452 307 2511 τῶν
321 2444 491 2512 άποκλίνειν
499 2494 510 2527 ,
538 2446 604 2531 ἅμα
617 2455 661 2538 τῷ
678 2454 791 2514 παθεῖν
807 2447 912 2514 καὶτὰ
933 2453 990 2529 τῆς
1011 2444 1158 2529 αλσχόνης
1178 2444 1338 2513 οίκειωσά-

243 2573 341 2630 μενοι.
391 2552 442 2615 καλ
459 2542 548 2616 odoi
571 2552 743 2637 στρατηγός
765 2552 804 2616 τὰ
826 2552 929 2635 καίρια
943 2558 1006 2616 τῶν
1027 2546 1239 2633 ὀχυρωμάτων
1253 2575 1339 2636 περι-

155 2656 177 2709 Ρ
194 2659 229 2716 87
246 2645 443 2739 φραξάμενος
465 2654 495 2728 ig
517 2651 686 2734 Βυζάντιον
707 2652 812 2720 άνεισι.
866 2659 922 2720 τοῦ
941 2659 1044 2718 κοινοῦ
1061 2654 1095 2717 δὲ
1112 2652 1216 2729 τίλους
1232 2678 1340 2719 συντε·

245 2750 414 2840 τυχηκότος
426 2757 558 2847 Τιβερίῳ
576 2763 622 2850 τῷ
636 2753 842 2845 αὐτοκράτορι
857 2764 913 2840 τῆς
924 2753 1094 2839 Ῥωμαϊκῆς
1108 2753 1222 2844 ἀρχῆς,
1236 2755 1341 2842 ὥσπερ

316 2920 358 2974 12.
374 2912 547 2988 όπερφίοετο
564 2916 609 2975 ΙΡ.

164 3122 166 3127 .
247 3079 276 3127 et
298 3073 455 3127 voluntatem
478 3073 610 3144 probitate
633 3076 732 3128 iirsnetn
756 3082 965 3142 constantemque
988 3074 1090 3125 minine
1111 3070 1189 3141 gerit.
1223 3077 1344 3127 tonores

247 3140 281 3193 ed
299 3142 388 3194 orbern
405 3142 557 3195 Callinicum
581 3143 669 3195 molera
693 3143 755 3196 beili
776 3142 958 3205 transtulerat,
983 3150 1012 3195 et
1028 3143 1227 3203 Adornaaoess,
1251 3150 1346 3196 notura

248 3209 328 3262 adid
346 3227 436 3263 munira
453 3210 625 3280 aptissimum,
648 3212 737 3265 ducent
761 3218 905 3264 creaverat
940 3219 1106 3280 posteaquam
1122 3209 1204 3278 igitur
1221 3210 1346 3263 Aisaron-

248 3277 329 3331 daros
351 3278 460 3347 perinde
482 3285 510 3331 ut
532 3279 608 3331 iocus
630 3280 725 3351 aiiquis
750 3296 827 3363 epum
853 3279 931 3333 ceiias
947 3279 1070 3350 depastus
1087 3285 1127 3332 est
1150 3287 1178 3331 et
1194 3279 1243 3331 hoc
1259 3279 1345 3347 ipsuuo

249 3346 391 3399 nuntiando
417 3346 539 3399 liiauricii
562 3348 669 3401 consiliu
691 3357 803 3413 esertrt,
822 3349 848 3401 iu
866 3349 971 3402 nihiiunr
990 3348 1085 3403 recidit
1101 3348 1229 3401 adversos
1249 3345 1347 3401 Persas

250 3413 422 3468 Romanorum
439 3414 587 3488 expeditio,
611 3417 764 3471 domesticae
780 3418 907 3489 siquidem
930 3418 1089 3471 calamitates
1105 3415 1238 3485 depulsuri
1254 3431 1347 3469 recur-

251 3490 350 3535 rerunt.
385 3483 475 3552 ituque
491 3501 570 3536 nares
586 3487 765 3539 frumentariae
782 3505 811 3539 se
831 3503 878 3555 per
891 3485 1050 3555 Euphraten
1068 3492 1207 3556 sequentes
1228 3485 1343 3539 exussitt

251 3549 1348 3694 itt:initiati‚⁰:2³dt:‘ludititiffliittt‘ttit'itristt

252 3687 362 3741 beatiora
379 3688 488 3758 impetus
504 3688 661 3758 conquievit.

323 3757 366 3813 18.
400 3761 473 3814 Ααοο
490 3759 608 3827 sequenti
628 3759 789 3829 Toncitosro
806 3758 947 3814 Persarum·
958 3760 1013 3813 dux
1030 3759 1150 3829 ingentes
1166 3758 1256 3829 copios
1274 3759 1349 3813 Coo-

253 3824 390 3879 stsntinaro
413 3824 542 3891 admovit,
564 3845 615 3896 quo
639 3829 748 3881 nuzino
775 3832 802 3881 et
818 3829 886 3883 iana
902 3830 1037 3883 adnodun
1054 3827 1149 3882 celebri
1165 3828 1267 3897 praelia
1284 3846 1349 3883 oon·

256 3909 355 3947 cursum
379 3901 426 3947 ost.
461 3896 517 3965 ipse
541 3897 594 3949 dus
617 3897 644 3947 in
670 3897 753 3966 prinis
774 3898 830 3950 acia
847 3915 965 3968 pugnans
987 3898 1121 3963 occubuit,
1150 3896 1349 3968 iuieiiciterque

255 3961 375 4032 preciiati
401 3964 504 4017 barbari
527 3964 650 4017 Romanis
673 3966 805 4020 victoriato
826 3974 1009 4020 concesserunt
1031 3984 1062 4021 ac
1079 3968 1167 4020 domos
1183 3965 1348 4034 refugerunt

254 4030 343 4083 sicud
361 4040 492 4101 acceptant
510 4034 608 4087 ciadeau
625 4034 700 4087 etiam
717 4034 828 4089 dedecus
853 4036 1032 4090 adiunxaruut.
1068 4034 1227 4097 Mauricius,
1250 4036 1349 4089 castei-

253 4098 286 4151 lis
303 4115 369 4168 quae
386 4100 522 4154 munitione
544 4104 657 4171 egebant
679 4104 852 4169 commonitis,
878 4104 1029 4175 Byzantium
1053 4105 1202 4157 receditur.
1237 4105 1349 4173 masque

255 4166 366 4222 Tiberio
391 4168 563 4225 Rouattoruu
583 4171 733 4243 inperatori
756 4171 894 4228 comanis
917 4173 1028 4227 onoiuu
1043 4172 1119 4227 huius
1141 4169 1205 4226 iocis
1221 4170 1349 4229 terminus
