2817 4742
240 281 312 354 138
625 283 947 350 THEOPHYLAGTI

191 465 217 520 D
237 456 394 531 δικῐτῶνος
417 446 552 536 imitat.
604 453 703 544 (12)
730 456 790 520 ἐπεὶ
811 457 845 521 δέ
868 453 906 520 τά
925 460 983 538 τῆς
1000 457 1160 529 διαλαλιύς
1175 452 1329 537 ἀπεπεριι-

234 564 329 625 τούτο
354 563 398 645 τῷ
420 552 642 642 αὐτοκράτορι,
668 555 685 623 δ
711 561 766 641 μέν
790 555 899 644 κρότος
914 557 999 642 παρά
1019 565 1082 625 τῶν
1094 553 1237 641 δπηκύων
1255 554 1328 637 ἐπή-

233 685 324 747 γαγε,
350 662 401 725 καλ
421 659 461 725 td
480 666 536 741 τῆς
556 660 710 745 εὐφημίας
732 660 833 746 ὥσπερ
860 664 1030 746 ἐπομβρίας
1044 661 1125 738 τινδς
1137 660 1328 744 λαβροτίρας

232 760 322 847 χύσιν
344 758 512 843 ἐλάμβανε·
539 769 584 852 τῷ
605 764 671 829 ὄντι
691 763 750 849 γάρ
776 764 831 829 ούκ
854 761 1268 850 ἀναξιύλογοςῆχειρστονία
1284 769 1326 850 τῷ

233 868 371 948 Καίσαρι
392 861 564 950 ἐξηρτύετο.
616 862 634 932 δ
655 868 711 947 μὲν
735 860 790 932 σύν
813 869 937 952 Καῖσαρ
955 868 1216 955 αύτοκροιτορικῆς
1231 862 1345 946 νύμσν5

233 973 360 1054 πληρῶν
384 965 612 1052 ἀναγορεύσεως
641 964 818 1054 ἐνεχάραττε
849 967 1034 1055 γράμματα,
1073 973 1125 1035 καί
1157 973 1257 1034 ταῦτα
1284 973 1325 1055 τῷ

232 1073 367 1155 Περσῶν
393 1076 521 1154 βασιλεῖ
545 1072 767 1157 παρεπέμπετο.
819 1063 895 1156 ῆρος
923 1072 956 1137 δ’
988 1073 1158 1158 ἀρχομένου
1186 1070 1327 1154 πρέσβεις

229 1171 421 1255 ἀπίστελλεν,
448 1171 687 1258 ἀπεκηρυκεύετύ
701 1200 735 1240 τε
750 1175 803 1240 τάν
817 1170 960 1256 πόλεμον,
988 1173 1146 1261 παγκάλου
1160 1174 1243 1249 τινδς
1259 1172 1326 1257 ἀρε-

231 1271 359 1362 γύμενος
379 1273 573 1361 πράγματος·
608 1279 752 1362 ἐκεχειρία
765 1274 855 1363 γάρή
874 1277 997 1355 ἀξίωσις
1010 1272 1065 1362 ῆν·
1091 1279 1181 1345 ούδίν
1197 1275 1259 1361 γάρ
1272 1283 1325 1358 τῆς

138 1393 216 1455 1³78
233 1375 355 1465 εἰρήνης
378 1379 551 1465 καθίστηκε
579 1381 821 1467 τιμαλφέστερον
848 1391 912 1457 τοῖς
933 1407 964 1466 γε
986 1388 1059 1448 νοῦν
1083 1380 1185 1465 ἐχουσι
1204 1381 1257 1444 καλ
1270 1391 1358 1461 pur-10

233 1482 396 1566 μνημίνοις
414 1489 470 1565 τῆς
485 1489 606 1567 θνητῆς
618 1509 651 1549 τε
665 1481 778 1566 λήξεως
793 1489 847 1568 τῆς
862 1509 895 1549 τε
909 1484 987 1569 πρύς
1001 1482 1055 1549 τὸν
1074 1487 1144 1566 βίον
1163 1476 1324 1568 βραχυτά-

234 1609 291 1669 της
312 1582 462 1671 παρόδου.
514 1584 727 1673 ἐστρατολόγει
751 1588 786 1653 δέ
809 1588 859 1651 καί
884 1584 991 1671 πλήθη
1009 1589 1168 1670 μαχίμων,
1201 1588 1257 1649 καλ
1282 1589 1323 1676 τῇ

232 1685 318 1775 ῥύσει
331 1695 387 1772 τῆς
395 1696 515 1773 χρυσῆς
527 1687 694 1766 διαδόσεως
707 1684 938 1777 φιλοκινδύνους
950 1689 1006 1766 τάς
1020 1695 1083 1754 τῶν
1096 1694 1322 1775 στρατολογου-

230 1790 332 1874 μίνων
358 1792 464 1875 ψυχάς
487 1795 690 1873 ἐτεκταίνετο,
722 1796 809 1859 αίδοῖ
830 1798 886 1858 τοῦ
908 1788 1113 1876 μισθώματος
1127 1792 1163 1858 sd
1177 1796 1322 1855 θανατᾶν

231 1893 312 1978 παρ’
329 1893 433 1960 αύτῶν
448 1892 661 1976 ἐξωνούμενος.
697 1896 803 1978 ἐσβεσε
815 1898 917 1962 τοίνυν
932 1903 994 1961 τῶν
1009 1891 1179 1981 βαρβάρων
1193 1892 1251 1977 τήν
1268 1889 1319 1956 λύ-
1327 1898 1353 1953 15

228 2022 292 2080 μην
309 1995 346 2062 τδ
360 2003 416 2081 τῆς
426 2004 483 2062 τού
494 1999 655 2082 Καίσαρος
673 2000 873 2082 μεγαλονοίας
886 1995 1065 2084 φιλότιμον,
1089 2001 1140 2064 καί
1158 2001 1321 2081 χαλινοῦν-

228 2123 280 2163 ται
299 2100 356 2180 μίν
376 2099 405 2164 oi
427 2102 578 2179 κίνδυνοι,
602 2099 883 2186 ἀποφλεγμαίνουσε
904 2101 997 2165 δὲτὰ
1018 2103 1172 2187 δυσχερῆ,
1207 2095 1319 2164 ἀνακό-
1388 2075 1389 2152 l

228 2226 357 2266 πτονται
369 2202 404 2267 δέ
421 2202 455 2267 αἱ
467 2202 545 2268 κατά
559 2202 614 2268 τδν
637 2201 771 2285 πόλεμον
792 2199 1000 2288 σνρρεύσασαι
1014 2205 1191 2290 συμφοραί,
1218 2204 1271 2266 καί
1286 2199 1318 2266 ri

227 2303 320 2370 κακδν
343 2301 450 2395 ἀθρύηι
468 2307 646 2396 προμηθείην
669 2308 726 2371 τινί
741 2303 902 2390 ἀπύδημον
917 2307 1099 2391 ίγνωρίζετο.
1151 2304 1232 2370 κατά
1248 2309 1318 2369 τού·

187 2414 212 2469 B
229 2431 283 2471 τον
306 2410 386 2490 δῆτα
409 2408 464 2473 τὸν
484 2408 623 2475 ἐνιαυτὸν
641 2409 814 2494 στρατηγὸς
827 2412 1043 2494 προχειρίζιται
1063 2408 1278 2482 Ἰονστινιανύς
1302 2401 1351 2471 δν)

225 2514 282 2573 τοῦ
304 2514 334 2572 Γ
331 2516 465 2593 ερμανού
483 2507 565 2589 υἱός,
600 2520 666 2585 τοῖς
683 2509 941 2597 κορυφαιοτάτοις
961 2517 1024 2576 τῶν
1050 2513 1082 2575 ἐν
1098 2512 1175 2575 τελει
1192 2535 1317 2594 συναρι-

225 2608 411 2693 θμούμενος.
464 2609 550 2694 ὃμέν
565 2605 622 2677 σύν
636 2613 808 2698 στρατηγὸς
821 2613 877 2694 τῆν
891 2611 987 2677 πάλαι
1004 2619 1067 2678 τῶν
1079 2607 1316 2698 στρατευμάτων

226 2710 400 2798 ἀνάσκητον
415 2714 534 2792 ἐκταξιν
549 2714 592 2779 δι’
609 2716 778 2797 ἐπιμελείας
790 2714 947 2801 ῆνύρθου,
970 2716 1125 2781 διατυπῶν
1141 2713 1177 2781 τύ
1191 2710 1315 2779 ἀτύπω-

224 2840 280 2884 τον
294 2820 345 2883 καί
356 2815 577 2902 μεταπλάττων
591 2817 668 2904 πρὸς
681 2816 912 2904 εὐσχημοσύνην
929 2817 965 2885 τὸ
983 2817 1125 2884 ἀτακτον.
1178 2813 1245 2883 ὅδ’
1261 2815 1314 2881 αύ-

225 3085 274 3136 est.
310 3083 385 3150 (12)
410 3083 454 3137 ubi
471 3083 613 3154 inperator
636 3079 774 3149 συπτίσυίί,
797 3085 895 3140 subditi
912 3085 1027 3170 plausum
1044 3083 1182 3145 dederunt,
1199 3083 1313 3136 inustae-

225 3169 278 3221 que
295 3153 489 3206 acclamationes
505 3161 625 3222 tanquan
642 3154 755 3224 irriguus
778 3153 810 3207 de
827 3156 897 3208 eaelo
914 3157 996 3207 nuber
1012 3155 1099 3207 valide
1121 3152 1233 3204 diffusae
1249 3157 1312 3204 aunt.
1386 3165 1387 3170 ’

224 3237 288 3272 vere
305 3221 371 3274 anim
390 3223 509 3275 beatorem
526 3225 593 3276 illurn
611 3225 709 3277 Caesar
722 3223 845 3277 'liberine
869 3225 1028 3286 merebatur3
1053 3222 1097 3292 qui
1112 3221 1251 3275 creationis
1267 3236 1311 3270 au·

223 3290 332 3356 gnstslis
358 3309 451 3344 morem
474 3302 578 3356 tenens,
602 3293 703 3346 litteras
730 3292 763 3345 sd
784 3309 870 3361 regem
894 3295 1030 3346 Persarum
1053 3291 1140 3345 mittit.
1173 3290 1220 3341 sud
1246 3287 1312 3338 veris

223 3357 297 3410 initio
315 3361 399 3413 missis
419 3361 513 3430 legatia
531 3362 670 3431 petitisque
687 3360 795 3414 indutiis
812 3362 904 3415 bellum
927 3362 1089 3430 deprecatur.
1125 3359 1152 3412 id
1169 3367 1227 3410 erat
1246 3355 1312 3408 desi·

223 3425 316 3479 derare
333 3447 386 3481 reru
412 3430 632 3484 burrestissimanr
657 3431 721 3483 nibil
738 3440 779 3484 est
796 3429 861 3483 enim
880 3448 944 3500 paee
962 3428 1135 3483 honorabilius
1151 3427 1219 3494 apud
1238 3424 1310 3477 bumi-

221 3512 269 3548 nes
287 3497 390 3564 quiden
408 3501 547 3566 prudentes
564 3508 591 3553 et
607 3500 761 3555 conditionis
779 3502 918 3562 humanae,
941 3499 1197 3563 brevissimarumque
1213 3494 1309 3564 spatiu-

220 3581 275 3617 rum
300 3565 376 3618 buius
398 3568 469 3618 vitae
495 3586 544 3620 nnn
568 3570 725 3622 immemores
775 3567 891 3622 delectus
913 3567 1014 3621 interi·
1037 3567 1131 3634 agebat
1154 3573 1308 3616 strenuorum
1385 3569 1386 3621 l

220 3633 347 3696 militum,
372 3651 487 3702 auroque
511 3637 656 3689 liberaliter
678 3637 857 3690 distribuenda
881 3637 909 3689 in
933 3654 1020 3690 eorum
1044 3633 1134 3688 animis
1151 3631 1193 3702 qui
1212 3631 1308 3684 aomina

219 3701 352 3755 dedissent
374 3703 545 3772 periculorum
569 3704 762 3773 despicientiam
786 3703 935 3770 excitabat,
966 3703 1140 3772 mercedisque
1165 3699 1307 3778 reverentis

220 3770 383 3826 alacritatem
406 3773 530 3825 moriendi
547 3775 580 3825 ab
597 3773 662 3842 ipsis
680 3772 831 3827 redimebat.
866 3777 988 3828 Caesaris
1003 3775 1092 3840 itaque
1109 3770 1209 3836 gloriae
1225 3769 1306 3822 studm

218 3840 325 3894 irreeuss
341 3843 535 3910 magnanimitas
561 3843 686 3895 barbarus
709 3841 810 3895 iniuriis
832 3853 883 3896 αισι
900 3843 977 3897 loeda
993 3839 1134 3895 inlesendis
1151 3838 1305 3908 prohibebat,

219 3909 337 4029 Kerieula
360 3912 512 3972 coercebat,
535 3911 624 3963 odiosa
645 3927 762 3980 quaeque
785 3919 813 3965 et
836 3913 929 3982 gravis
952 3911 1130 3973 imminuebat,
1153 3907 1305 3962 uslamitates

238 3976 280 4030 elli
306 3987 421 4048 tempure
445 3980 574 4036 confluere
596 3980 686 4033 solitas
713 3981 884 4045 retundebat
909 3986 937 4034 et
960 3997 1035 4033 amne
1057 3980 1156 4033 demum
1173 3991 1253 4044 genus
1268 3973 1304 4055 in·

219 4047 407 4101 commodorum
423 4050 507 4102 sulidn
523 4049 592 4101 illius
610 4048 772 4118 prendenda
789 4051 894 4104 exulare
910 4051 1075 4103 cernebatur.
1110 4065 1141 4100 eo
1154 4061 1220 4099 annu
1233 4045 1305 4097 lusu-

221 4113 311 4166 nianus
334 4117 458 4169 Germani
484 4118 571 4182 lilius,
596 4134 662 4171 unus
688 4117 721 4170 de
748 4119 897 4188 optimatum
915 4117 1083 4189 primoribus,
1106 4115 1158 4167 dux
1175 4112 1304 4182 deligitur,

222 4183 268 4249 qul
286 4182 420 4250 diligentia
436 4203 485 4239 sua
500 4187 669 4240 inveteratam
686 4187 814 4239 exercitus
835 4187 952 4240 inertiam
969 4187 1099 4246 correxita
1115 4181 1185 4255 ηυοδ
1202 4182 1304 4236 interne

223 4255 295 4315 erat,
316 4251 351 4305 de
375 4252 479 4322 integra
501 4255 687 4323 eonlnrasarit,
710 4256 779 4326 quud
796 4257 988 4327 perturbatum,
1005 4262 1033 4309 et
1048 4253 1194 4319 euulusuur,
1212 4253 1248 4306 ad
1263 4252 1304 4304 de·
