2817 4742
222 249 294 341 104
687 269 851 364 canaan

182 435 375 526 Ελοφύρετο
396 437 525 523 δάκρυσι
549 444 625 524 πρδς
643 439 700 524 τήν
721 436 869 507 θεοτύκον
885 435 1067 523 διαπρύσιον
1083 439 1163 524 βοὴν
1174 439 1317 516 εύκτικῶς

224 541 410 624 ἀναπέμπων
423 549 479 627 τῆς
491 548 553 608 τάν
571 543 769 626 ίλπιζδμίναιν
783 539 970 628 λυτρώσειιις.
1216 622 1220 629 ¹

331 643 378 734 Ού
400 641 495 728 μόνον
511 645 544 710 δι’
561 647 594 710 ἓν
608 643 729 722 τούτοις
742 645 827 734 αύτῷ
843 645 882 710 sd
902 653 957 729 τῆς
969 641 1195 729 προδηλιύσεοις
1204 693 1216 723 ,
1244 643 1319 708 ἀλλά

223 749 274 812 καί
290 743 392 832 ίτερύν
404 773 435 814 τι
447 744 638 830 συμβόλαιον
658 746 864 833 προηγήσατο.
917 748 1018 824 ἔδοξεν
1041 747 1116 829 drop
1135 745 1216 829 δρᾶν
1230 753 1319 833 φυτῷ

224 850 377 932 Καίσαρι·
402 849 439 917 sd
457 853 492 917 δὲ
507 857 648 916 τοιοῦτον
665 848 873 938 διεμύρφιιοτο,
902 847 944 926 ἀις
967 853 999 915 ἓν
1022 847 1197 936 ἓορτασίμῳ
1224 847 1340 936 ήμίρφδ

227 949 245 1016 δ’
261 977 293 1017 τε
306 953 451 1034 βασιλεύς
461 956 511 1038 καί
526 950 543 1018 δ
559 957 684 1038 Καῖσαρ
697 951 779 1041 ίπήει
794 961 838 1042 τῷ
856 957 977 1038 Σοφίας
990 959 1067 1017 θεοῦ
1084 953 1155 1041 ἱερῷ
1168 952 1253 1034 μετὰ
1270 958 1321 1033 τῆς

226 1052 384 1137 συνήθους
403 1052 629 1140 λαμπρότητος.
681 1047 777 1133 ὡςδὲ
801 1051 1101 1142 προσπεφοιτήκεσον
1121 1053 1174 1121 οἷα
1198 1057 1320 1137 θυρίσι,

227 1153 355 1234 τούτοις
371 1158 565 1241 anacreontica
582 1164 875 1246 λαμπροφοροῦντες
888 1156 1008 1234 τούτοις
1021 1155 1221 1244 ἀνεφάνησαν
1235 1156 1321 1241 ἀγγε-

132 1264 164 1317 V.
180 1267 214 1320 50
231 1266 294 1342 λοι,
320 1261 371 1326 καί
386 1260 464 1347 πρὸς
479 1271 543 1337 τοῖς
556 1259 617 1328 ἴσον
629 1258 776 1328 διαίπτετό
789 1285 834 1335 τις
848 1258 989 1342 ύπεράνιο
1002 1259 1128 1345 γηραιδς
1139 1257 1323 1344 θρονιζόμε-

227 1381 298 1438 νος·
323 1363 372 1437 τίς
384 1355 493 1446 οὗτοςς
519 1363 640 1445 Πέτρος
655 1361 671 1428 δ
688 1351 866 1430 ἀποστείλωσι
881 1360 1096 1447 προδάθμιος,
1117 1362 1204 1452 αύτῷ
1221 1372 1354 1444 tayo-1⁰

228 1470 367 1530 νυπετῶν
388 1462 535 1552 δάκρυσιν
557 1463 734 1552 δ’ίγνάτιος
756 1463 831 1550 ύπίρ
854 1457 895 1532 ὧν
918 1468 1073 1548 λωβηθεὶς
1091 1461 1322 1546 ύπομεριενήκει.

230 1563 247 1634 δ
261 1568 296 1633 δέ
309 1572 354 1656 τῷ
366 1565 461 1635 naillac
475 1571 685 1646 συνδιατεθείς
698 1568 782 1656 αύτῷ
798 1569 856 1655 ἔφη
872 1568 927 1651 τήν
940 1569 1091 1649 ἐκδίκησιν
1105 1569 1139 1632 ίκ
1149 1567 1255 1651 χειρὸς
1270 1592 1322 1630 κυ-

231 1671 298 1754 ρίου
320 1669 533 1751 ἀποίσοσθαι,
560 1675 611 1736 καί
633 1671 698 1755 ἀμα
716 1679 760 1761 τῷ
776 1662 863 1760 ’λόγῳ
885 1669 928 1736 iol
951 1667 1006 1736 δύο
1028 1677 1119 1735 τινῶν
1140 1669 1219 1754 παρ’
1240 1667 1322 1756 αὐτῷ

231 1772 401 1854 ίσταμίνων
424 1771 496 1840 adusi
518 1777 727 1857 πραιποσίτων
748 1770 979 1858 χρυσοειδύτιον
1000 1781 1148 1856 βραχεῖαν
1168 1773 1322 1837 ἐπιδίδωσι

221 1872 402 1956 μάχαιραν,
428 1879 478 1942 καί
501 1873 712 1959 προσετετάχει
734 1874 874 1953 ἐκνεύσας
892 1877 947 1941 τδν
968 1877 1024 1958 μίν
1047 1874 1178 1958 βασιλέα
1192 1885 1259 1950 τοῖς
1275 1877 1322 1938 δε·
1330 1879 1354 1932 15

230 1981 306 2054 ξιοΐς
320 1976 484 2063 ἀφορίσαι,
508 1979 562 2044 ads
577 1980 610 2046 δέ
623 1977 803 2064 θεάργιοτον
823 1981 983 2062 Καίσαρα,
1006 1978 1103 2054 οὕτως
1123 1974 1235 2056 cincio,
1262 1985 1322 2050 τοῖς

231 2077 402 2164 ἀριστεροῖς
410 2130 422 2162 ,
449 2083 499 2146 καί
517 2081 569 2146 διά
584 2079 698 2165 ταύτης
713 2083 846 2164 palando
864 2077 1114 2164 τιμωρήσασθαι.
1167 2071 1204 2144 οὗ
1228 2083 1323 2162 δῆθεν

231 2181 382 2263 ίξιεμίνου
395 2185 446 2247 καί
461 2187 596 2267 περὶτοῦ
612 2185 743 2266 Μιχαὴλ
758 2182 897 2270 διιιρήκει
912 2183 966 2265 τήν
978 2181 1076 2266 τομήν
1089 2181 1320 2265 ἀπεκδίχεσθαι,

195 2299 218 2354 Β
235 2280 398 2349 ἀποκαλῶν
414 2283 509 2349 σύτδν
526 2280 734 2367 ἀσεβύτεκνον.

334 2387 401 2453 Kal
422 2385 499 2472 ἀλλο
517 2412 547 2451 τι
567 2392 691 2470 σημείου
713 2389 759 2451 ἐπί
778 2394 822 2474 τῷ
840 2382 971 2472 θανάτῳ
987 2380 1257 2467 παρηκολουθήκει
1272 2386 1354 2447 cotto

235 2488 406 2572 Καίσαρος.
457 2487 645 2572 ίξαπεστάλη
669 2489 748 2553 κατὰ
764 2487 894 2572 Κήπους
912 2485 1044 2572 διάγοντι
1059 2485 1144 2571 παρὰ
1162 2483 1324 2569 Θεοδάρυς

235 2595 292 2672 τῆς
313 2589 409 2655 adsoni
433 2589 568 2677 ἀδελφῆς
591 2590 689 2673 ἐσθής
711 2596 766 2655 τοῦ
787 2588 996 2674 προσήκοντος
1006 2585 1123 2674 μήκους
1136 2588 1321 2662 ἐλλείπουσα,

304 2777 340 2855 la
353 2799 521 2868 διαπύρσιον
545 2801 575 2853 ln
679 2804 704 2856 8.
729 2803 994 2871 λαμπροφοροῦνιες
1010 2809 1038 2856 at
1054 2801 1081 2853 in
1099 2816 1180 2869 marg.
1197 2802 1323 2858 στολούν-

303 2887 348 2935 τις
363 2871 395 2924 L.
412 2870 608 2941 λαμπροφύροι
624 2872 736 2942 Symeon
751 2874 804 2940 log.
823 2889 847 2942 p.
860 2871 911 2928 447
929 2871 960 2924 C.
1049 2872 1093 2926 22.
1110 2868 1259 2927 inlucesce
1275 2871 1302 2923 b

237 3057 346 3110 crimaus
361 3057 516 3128 implorabat
532 3056 662 3127 deiparam
679 3056 828 3110 ardentibus
845 3058 965 3128 precibus
983 3073 1059 3112 orans
1075 3065 1106 3112 ut
1122 3058 1156 3111 ab
1172 3057 1323 3113 instantibus

236 3127 309 3178 malis
325 3126 486 3180 liberaretur.

305 3194 367 3247 Non
389 3195 469 3247 solum
494 3198 576 3248 autem
601 3194 628 3246 iu
651 3193 700 3246 bac
724 3210 752 3245 re
775 3193 936 3262 praesagium
962 3193 986 3248 ei
1010 3195 1123 3257 lactum,
1150 3194 1198 3248 aad
1215 3202 1244 3246 et
1262 3190 1323 3246 aliud

237 3263 363 3331 quoddam
392 3260 493 3332 sig'num
523 3262 671 3332 praecessit.
705 3259 857 3313 insomnium
885 3263 1006 3332 apparuit
1031 3261 1137 3314 Caesari
1163 3263 1211 3314 tali
1240 3264 1324 3323 forma,

256 3333 312 3384 uasi
337 3333 405 3386 festo
422 3332 465 3385 die
481 3331 513 3384 im
534 3342 620 3386 arator
637 3338 664 3384 et
681 3331 779 3384 Caesar
802 3332 985 3383 cusatenderent
1001 3331 1026 3384 in
1044 3331 1163 3401 templum
1180 3331 1324 3402 Sapientiae

237 3347 280 3452 dei
304 3419 360 3454 cum
385 3401 462 3454 solito
487 3349 640 3484 spdendorea
663 3399 859 3470 progressisque
883 3399 915 3452 ad
938 3402 1084 3464 fenestras,
1109 3400 1135 3452 in
1151 3399 1192 3452 his
1208 3400 1324 3454 candidas

238 3475 326 3521 vestes
349 3478 468 3537 gerentes
484 3487 523 3524 ers
539 3477 694 3536 apparerent
711 3467 811 3538 angeli,
833 3475 912 3538 atque
928 3467 955 3521 in
990 3467 1145 3523 enetralibus
1168 3470 1324 3539 conspicere·

238 3541 282 3587 tur
297 3537 401 3605 quidam
418 3553 497 3590 senex
514 3538 542 3590 in
559 3539 659 3590 sublimi
676 3536 740 3591 solio
759 3538 866 3600 sedens;
890 3537 947 3606 quis
963 3487 1026 3592 liet
1045 3539 1140 3590 Petrus
1157 3539 1323 3608 apostoloram

239 3604 394 3674 primarius,
418 3604 493 3672 eique
515 3606 660 3674 supplicans
682 3606 709 3658 iu
730 3607 844 3674 genubus
861 3623 917 3658 cum
934 3607 1044 3660 lacrimis
1069 3605 1186 3674 ignatius
1202 3623 1283 3727 super
1297 3604 1324 3658 iis

239 3691 306 3741 quae
328 3673 511 3728 contumeliose
529 3686 620 3742 passus
641 3682 726 3738 esset:
753 3674 798 3743 qui
821 3675 962 3728 acerbitate
980 3675 1017 3728 rei
1035 3675 1173 3727 condolens
1191 3675 1216 3727 ei
1251 3675 1324 3727 iceret

239 3743 361 3795 ultionem
384 3759 401 3796 a
424 3759 499 3796 manu
524 3743 618 3796 domini
638 3743 707 3796 illum
726 3751 900 3813 accepturum:
926 3762 976 3812 quo
992 3744 1062 3797 dioto
1079 3742 1122 3796 uni
1140 3761 1173 3796 ex
1190 3735 1324 3797 duobusel

239 3811 403 3865 adstantibus
426 3819 547 3881 tanquam
572 3812 739 3881 praepositis,
762 3811 788 3864 in
815 3813 901 3865 aureis
924 3812 1056 3876 vestibus,
1079 3813 1199 3880 exiguum
1217 3811 1325 3865 traderet

240 3879 369 3946 gladium,
394 3887 509 3949 nutuque
531 3879 693 3950 praeciperet
710 3880 887 3952 imperatorem
905 3882 1005 3949 quidem
1022 3881 1054 3934 ad
1073 3882 1191 3934 dextrum
1208 3895 1324 3947 separan-

239 3950 302 4002 dum
316 3966 390 4011 esso,
414 3949 552 4003 Caesarem
570 3955 670 4012 autom,
690 3949 739 4002 deo
757 3967 859 4002 exosum
877 3967 932 4003 eum
949 3951 1055 4015 dicens,
1071 3951 1104 4003 ad
1122 3950 1271 4010 sinistram,
1288 3965 1324 4000 eo·

238 4034 290 4084 que
306 4017 393 4086 gladio
410 4018 540 4072 frustatim
559 4017 755 4070 concidendum:
773 4035 825 4086 quo
843 4026 954 4071 exeunte
970 4019 1046 4072 etiam
1064 4018 1097 4070 de
1115 4017 1246 4070 Michaele
1263 4016 1324 4069 dice·

239 4093 293 4150 ret,
311 4087 335 4138 ei
353 4086 429 4140 etiam
447 4089 644 4158 exspectandam
662 4102 719 4138 esse
737 4087 934 4155 percussionem,
951 4088 1054 4156 impium
1068 4087 1148 4139 lilium
1162 4101 1218 4136 eum
1229 4102 1323 4139 vocans

308 4155 394 4209 Etiam
417 4153 485 4209 aliud
506 4155 634 4227 quoddam
651 4153 749 4221 signum
768 4172 844 4224 super
861 4164 944 4209 morte
959 4156 1080 4210 Caesaris
1096 4160 1220 4207 secutum.
1253 4154 1325 4208 Missa

229 4221 289 4276 ¹luit
307 4222 332 4274 ei
349 4223 418 4293 apud
435 4224 522 4295 capos
545 4222 710 4281 commoranti
730 4241 746 4278 a
763 4224 906 4280 Theodora
924 4242 1013 4280 sorore
1035 4241 1083 4278 sua
1107 4221 1187 4276 vestis
1203 4221 1271 4278 iusta
1287 4223 1325 4278 ml-
