2817 4742
345 275 636 351 fflsromalum
658 276 732 346 Vll.
761 275 818 349 14.
848 276 906 346 15.
1095 272 1170 345 297

76 457 160 541 πρὸς
174 454 214 522 sui
226 454 394 541 Δριζίπεροι
409 452 624 538 παραγίνεται,
651 452 702 515 καί
720 458 789 525 ταῖς
811 443 923 521 πύλαις
941 438 1172 530 προσομιλήσας

76 566 138 625 τοῦ
158 558 267 634 ἄστεος
286 556 373 639 ἠξίου
392 555 514 622 είσόδον
535 565 635 636 τυχεῖν
650 555 700 617 καί
717 559 845 637 θερμοῖς
858 549 967 615 ύδασιν
983 545 1172 631 ἀπορρύψα-

77 669 171 728 σθαι.
223 662 252 727 ολ
274 662 309 727 δέ
329 659 417 725 δσταί
435 657 542 743 ύβρεσι
563 660 614 722 καλ
634 660 735 730 λίθοις
755 654 810 718 τδν
825 650 986 735 ἀπόμαχον
1000 649 1172 735 στρατηγὸν

78 765 306 846 ἇπειιίμποντο.
359 759 376 828 ὅ
391 764 425 827 δέ
437 764 643 843 Κομεντίολος
658 761 707 823 ἐπὶ
721 757 760 822 τὰ
774 760 855 839 τείχη
878 757 988 839 γίνεται
1002 752 1041 818 τδ
1054 748 1171 836 μακροί.

51 868 113 933 δαί
133 869 170 933 δέ
190 863 346 951 βάρβαροι
365 864 445 930 κατὰ
467 864 576 948 μικρὸν
592 870 655 928 τῶν
663 860 822 944 Ῥωμαίων
834 862 877 935 είς
891 856 1027 923 τούπίσιο
1040 856 1173 941 τραπέν-

80 996 146 1035 των
168 970 216 1033 ἐπὶ
237 969 276 1033 ιδ
300 971 467 1052 Δριζίπερα
488 969 726 1051 παραγίνονται,
752 960 808 1045 τήν
825 988 856 1027 τε
878 958 966 1026 πόλιν
979 955 1171 1043 ἐπόρθησαν,

80 1075 134 1139 καί
156 1071 210 1137 τύν
227 1070 426 1153 Ἀλεξάνδρου
449 1071 523 1135 ναέιν
545 1076 601 1135 τοῦ
625 1073 813 1154 περιφανοῦς
834 1067 951 1138 ἐντοῖς
972 1060 1106 1147 μιίρτυσι
1127 1066 1172 1149 τῷ

81 1170 242 1262 παμφύγῳ
263 1177 335 1257 πυρί
355 1171 588 1257 κατανάλωσαν.
640 1169 696 1236 τόν
709 1195 741 1235 τε
756 1164 856 1253 τύφου
869 1173 925 1232 τοῦ
942 1163 1101 1250 μιίρτυρος
1123 1158 1174 1228 εύ-

81 1275 208 1360 ρηιιύτες
235 1275 359 1365 ἀργύρῳ
386 1273 617 1361 περιρρεόμενον
645 1274 777 1349 ἀνοσίως
797 1266 992 1347 σκυλεύουσι,
1018 1266 1174 1353 καθυβρί-

36 1399 72 1449 10
81 1381 171 1457 ζουσί
181 1403 213 1444 τε
227 1387 265 1465 τῇ
281 1382 393 1465 ἐκβολῇ
407 1382 458 1443 καί
470 1379 506 1444 rui
522 1385 614 1461 σῶμα
627 1377 662 1443 ri
680 1378 728 1441 ἐπί
740 1381 783 1464 τῶ
798 1371 909 1461 τύμβῳ
922 1372 1099 1457 ἐγκείμενον,
1122 1370 1175 1433 καλ

78 1485 151 1546 λίαν
173 1483 221 1547 ἐπί
242 1492 311 1559 ταῖς
329 1484 427 1559 νίκαις
449 1477 719 1567 ύφαυχενιζύμενοι
741 1488 808 1555 ταῖς
828 1475 967 1559 εὐωχίαις
985 1478 1175 1555 καταστιβα-

78 1581 233 1653 δαίονται.

117 1706 127 1730 ’·
186 1687 245 1760 15.
293 1684 344 1751 Ἐν
363 1681 490 1763 ταύταις
508 1690 752 1771 τοιγαρούνταΐς
766 1678 894 1767 ἦμίραις
907 1677 943 1744 τὸ
956 1676 1035 1743 κατὰ
1050 1672 1171 1743 πάντων
1189 1657 1213 1779 g
1229 1654 1281 1711 ²⁶⁵

77 1796 144 1855 τῶν
165 1791 268 1855 ἐθνῶν
288 1786 402 1875 ιιριίτος
425 1789 522 1855 αὐτοῦ
541 1786 557 1854 ὃ
578 1786 724 1872 ἡμέτερος
744 1779 944 1865 πιστούμενος
959 1780 1093 1865 Ἰησοῦς,
1121 1782 1173 1845 καλ

38 1909 70 1963 15
80 1894 125 1967 είς
150 1894 356 1974 κληρονομίαν
375 1917 408 1957 τε
431 1891 517 1975 παρὰ
532 1898 588 1956 τοῦ
603 1890 722 1972 πατρὸς
735 1888 790 1971 τὴν
804 1886 983 1966 οέιιουμίνην
1002 1883 1107 1965 λαβὼν
1119 1909 1177 1947 κα-

77 1991 225 2078 τύσχεσίν
247 2018 279 2059 τε
300 1993 340 2058 ari
361 1994 480 2076 πίρατα
499 1999 556 2075 τῆς
568 1999 623 2077 γῆς
630 2042 641 2072 ,
665 1991 811 2072 οὐδαμῶς
823 1995 867 2076 τῷ
882 1985 1020 2075 Χαγιίνρι
1037 1982 1178 2069 ἀμάρτυ-

78 2124 135 2179 ρον
149 2097 208 2180 τῆν
220 2094 333 2161 ἐαυτοῦ
345 2098 506 2178 βασιλείαν
519 2103 664 2178 παρῆκεν.
717 2090 822 2181 ἀθρόα
836 2090 894 2176 γὰρ
910 2088 1096 2175 ἐπιφοιτήσει
1111 2095 1177 2154 λοι·

77 2206 143 2281 μοῦ
165 2198 206 2264 τὰ
227 2206 289 2264 τῶν
308 2196 479 2283 βαρβάρων
494 2197 621 2281 πλήθη,
647 2199 697 2262 καί
716 2189 754 2280 ἦν
769 2193 921 2269 αὖτοΐςτδ
937 2194 1029 2257 κακδν
1044 2192 1176 2271 ιλπαραί·

78 2326 176 2381 τητον
190 2303 240 2363 καλ
255 2304 449 2384 σοφίσματος
463 2300 519 2363 ούιι
535 2297 725 2379 ἀνεχόμενον.
779 2291 993 2375 είσπριίττεται
1014 2300 1177 2377 τοιγαροῦν
1193 2302 1218 2355 Ι)

38 2400 97 2467 ‘tori
114 2407 281 2485 Χαγᾶνος,
307 2399 386 2466 ἄνθ’
405 2392 449 2465 ῶν
461 2398 662 2484 Ἀλίξανδρον
676 2394 816 2481 ἠτιμιίκει
831 2396 884 2461 τδν
900 2393 1064 2479 μάρτυρα,
1092 2395 1178 2473 δξιο-

79 2502 193 2589 λόγους
216 2498 342 2578 ποιούς·
368 2500 445 2567 ἐπτιλ
465 2501 524 2585 γὰρ
546 2505 652 2575 παῖδες
672 2501 757 2588 αύτῷ
774 2505 914 2581 βουβῶσι
929 2495 1180 2583 περιτυγχάνουσι

79 2610 188 2693 θίρμῃ
210 2631 242 2671 τε
265 2606 396 2696 ῥαγδαία
410 2606 467 2669 τινὶ
483 2607 534 2669 καί
550 2601 721 2689 φλογῶδιι,
743 2606 793 2666 καί
810 2604 841 2665 ἐν
855 2597 955 2690 ἡμίριγ
968 2608 1025 2690 μιᾷ
1039 2601 1093 2667 τδν
1105 2604 1178 2687 τῇδε

80 2705 271 2774 καταλύουσι
292 2711 371 2789 βίον.
425 2705 508 2772 αύτω
529 2709 586 2789 μέν
606 2700 661 2773 οὖν
680 2702 697 2771 ri
719 2709 867 2789 Χαγιλνος
889 2707 1048 2785 δυστυχῶς
1063 2703 1183 2785 εὐτυχεῖ

80 2812 121 2877 τὰ
142 2813 287 2875 ἐπινίκια·
314 2809 383 2875 ἀντί
393 2807 452 2895 γὰρ
468 2808 609 2877 παιῶνων
623 2810 673 2875 καλ
689 2804 839 2902 ᾀσμάτων
852 2808 902 2871 καί
916 2803 1021 2889 ύμνων
1038 2808 1089 2870 καὶ
1104 2802 1176 2892 κρό-
1195 2821 1217 2874 Ρ
1236 2821 1285 2875 184

81 3072 219 3129 meutiolus
235 3072 312 3125 foede
328 3070 431 3140 lugiens
447 3072 585 3141 Drisipera
601 3072 687 3137 verita
711 3070 744 3127 ιδ
768 3072 867 3127 muenia
884 3071 955 3127 urbis
972 3070 1043 3137 adit,
1066 3070 1100 3125 ad
1118 3088 1178 3125 cur·

99 3160 130 3195 us
147 3142 234 3195 salida
250 3142 403 3195 abluendum
420 3141 552 3195 introitum
569 3140 680 3209 flagitat.
713 3142 783 3195 cives
800 3142 923 3195 imbellem
941 3142 1029 3194 ducem
1045 3153 1178 3194 contume-

81 3160 124 3265 iit»
142 3219 172 3263 et
188 3210 316 3279 lapidibus
338 3211 454 3279 abigunt.
489 3211 526 3262 ite
548 3211 582 3262 ad
604 3211 706 3278 longum
730 3227 826 3264 murum
850 3210 968 3265 discedit
1003 3210 1125 3277 barbari,
1149 3219 1179 3263 ut

81 3279 190 3333 Romani
208 3289 385 3341 recesserunt,
409 3279 529 3347 paulatim
546 3278 684 3347 Driaipera
702 3284 862 3347 precedunt,
886 3281 974 3331 urbem
992 3279 1111 3347 capiunt,
1132 3296 1179 3331 ae·

83 3348 140 3401 (lem
158 3348 298 3401 Alexandri
316 3350 436 3417 martyris
452 3348 534 3401 incliti
551 3347 667 3400 incendio
692 3350 841 3411 absumunt,
864 3348 971 3414 eiusque
994 3357 1178 3399 munumentum

82 3427 194 3483 argento
210 3414 398 3470 ornatissimum
418 3416 518 3470 nelarie
534 3417 655 3487 spolient.
690 3417 753 3484 quin
770 3418 846 3470 etiam
864 3434 957 3485 cerpus
974 3416 1034 3469 inde
1051 3416 1180 3485 indignis-

83 3485 298 3607 rinebueiisiunt,
328 3484 486 3554 mirificeque
516 3485 629 3540 victoria
660 3485 723 3539 elati
747 3486 782 3539 ad
808 3485 993 3540 convivandum
1011 3485 1100 3540 :thuris
1125 3485 1182 3538 dis-

83 3570 139 3607 cum
177 3562 215 3608 ut.

153 3625 197 3681 15.
232 3622 282 3675 His
298 3621 387 3690 itaque
404 3621 494 3675 diebus
509 3624 582 3676 lesus
598 3622 714 3676 dominus
731 3629 835 3688 noster,
857 3622 902 3691 qui
920 3639 936 3674 a
953 3627 1029 3691 patre
1046 3620 1180 3691 imperium

84 3692 111 3744 iu
135 3708 223 3745 omues
247 3701 356 3759 gentes,
379 3698 407 3743 et
429 3693 456 3743 iu
472 3693 639 3745 hereditatem
657 3694 744 3745 urbem
762 3702 889 3745 terrarum
907 3700 934 3745 et
951 3691 976 3744 iu
995 3690 1180 3761 possessionem
1227 3713 1231 3721 ·

85 3762 206 3815 terruimus
228 3768 316 3813 tarrae
336 3758 453 3827 accepit,
477 3778 581 3829 regnum
601 3778 674 3813 suum
699 3762 822 3829 chagano
848 3778 1007 3831 nequequam
1032 3760 1180 3811 intestatum

85 3846 141 3882 esse
158 3830 249 3883 voluit.
284 3830 377 3897 passim
394 3829 489 3897 quippe
505 3832 616 3884 immisse
633 3831 780 3898 pestilentia
800 3831 924 3883 barbaros
941 3828 1052 3892 delevit,
1071 3833 1180 3895 eratque

86 3900 174 3953 malum
191 3898 400 3967 indeprecabils‚
425 3914 473 3950 nec
496 3901 546 3953 ulla
565 3899 691 3952 medicina
716 3900 878 3968 quantumvis
895 3898 1014 3950 sollerter
1031 3894 1180 3961 excogitata

88 3970 208 4021 curabile.
243 3968 332 4035 itaque
357 3984 373 4019 a
398 3965 520 4033 Chagauo
545 3970 578 4020 eb
603 3968 774 4021 Alexandrum
792 3975 929 4035 martyrem
947 3975 997 4018 tsm
1015 3963 1180 4033 ignominiosa

88 4047 225 4091 tractatura
241 4053 325 4120 poeria
341 4036 489 4088 commerita
505 4037 624 4104 exigitur.
660 4055 717 4090 nam
740 4044 837 4106 septem
861 4033 917 4086 eius
938 4033 985 4085 filii
1005 4042 1077 4104 peste
1094 4032 1181 4099 ingui-

90 4108 157 4161 usria
181 4106 372 4175 surripiuntur,
396 4104 534 4172 caloreque
559 4107 702 4160 vehementi
729 4116 756 4158 et
779 4106 854 4173 igneo
877 4103 969 4172 plene,
995 4113 1022 4160 et
1039 4120 1090 4155 uno
1106 4102 1179 4154 simul

88 4176 130 4231 lie
157 4176 349 4243 extinguuntur.
383 4174 422 4226 sie
445 4175 583 4241 chaganus
608 4176 633 4228 in
658 4176 776 4229 victoriis
797 4175 850 4226 suis
873 4172 1012 4225 infeliciter
1036 4172 1100 4223 lelix
1120 4170 1178 4223 luit.

89 4260 142 4297 urus
159 4263 208 4317 pru
225 4244 367 4315 paeanibus
383 4255 412 4297 et
428 4244 537 4298 canticis
553 4254 581 4299 et
601 4243 705 4317 hymnis
721 4254 749 4299 et
765 4260 881 4299 manuum
899 4243 1030 4314 plausibus
1049 4249 1076 4295 et
1098 4240 1178 4295 sulta-
